
@article{a.sujatha_occurrence_1992,
  title = {Occurrence of {{Baculovirus}} in {{Natural Population}} of {{Oryctes}} Rhinoceros ({{L}}.) in {{Andhra Pradesh}}},
  author = {A.SUJATHA, S. .M. ZAHERUDDEEN and J.KRISHNA PRASADJI},
  date = {1992},
  journaltitle = {I.Biol.Control},
  volume = {6},
  pages = {77--79},
  file = {/home/aubrey/Zotero/storage/DRZS8CV2/Occurrence of baculovirus in natural.pdf},
  number = {2}
}

@article{abidin_population_2014,
  title = {Population Dynamics of {{Oryctus}} Rhinoceros in Decomposing Oil Palm Trunks in Areas Practising Zero Burning and Partial Burning},
  author = {Abidin, Mohd Rizuan Zainal and Ahmad, Abu Hassan and Salim, Hasber and Hamid, Noor Hisham},
  date = {2014},
  journaltitle = {Journal of Oil Palm Research},
  volume = {26},
  pages = {140--145},
  url = {http://jopr.mpob.gov.my/wp-content/uploads/2014/06/joprv26jun2014-rizuan1.pdf},
  urldate = {2019-08-23},
  file = {/home/aubrey/Zotero/storage/H8UFZSYQ/joprv26jun2014-rizuan1.pdf},
  number = {2}
}

@thesis{adams_analysis_2019,
  title = {{{ANALYSIS AND DEVELOPMENT OF MANAGEMENT TOOLS FOR ORYCTES RHINOCEROS}} ({{COLEOPTERA}}: {{SCARABAEIDAE}})},
  author = {Adams, Brandi-Leigh H},
  date = {2019},
  institution = {{University of Hawaii}},
  location = {{Manoa, Hawaii}},
  file = {/home/aubrey/Zotero/storage/G65232JM/Adams et al. - TROPICAL PLANT PATHOLOGY MAY 2019.pdf},
  langid = {english}
}

@article{adhira_m._nayar_modulation_2019,
  title = {Modulation of {{Carbohydrate Metabolism}} in {{Asiatic Rhinoceros Beetle}} ({{Oryctes}} Rhinoceros [{{L}}]) {{Grubs}} in {{Response}} to {{Various Stressors}}},
  author = {Adhira M. Nayar, D. A. Evans},
  date = {2019},
  journaltitle = {Proceedings of the National Academy of Sciences, India Section B: Biological Sciences},
  volume = {89},
  pages = {703--713},
  number = {2}
}

@report{ahmad_final_2006,
  title = {Final Report on Control of Rhinoceros Beetles ({{Oryctes}} Rhinoceros) ({{SCARABAEIDAE}}: {{COLEOPTERA}}) in a Zero Burning Replanted Oil Palm Area, {{Felda Plantation}}, {{Lepar Utara}}, {{Pahang}} (2003-2006)},
  author = {Ahmad, Abu Hassan},
  date = {2006},
  pages = {1--71},
  file = {/home/aubrey/Zotero/storage/DGUMU6TJ/Ahmad - 2006 - Final report on control of rhinoceros beetles (Oryctes rhinoceros) (SCARABAEIDAE COLEOPTERA) in a zero burning replanted.pdf}
}

@article{akikazu_sakudo_inactivation_2010,
  title = {{{INACTIVATION OF VIRUSES}}},
  author = {Akikazu Sakudo, Takashi Onodera and Yasuharu Tanaka},
  date = {2010},
  journaltitle = {In: Sterlization and disinfection by Plasma.....},
  file = {/home/aubrey/Zotero/storage/2A32K2PV/Akikazu Sakudo et al. 2010 virus inactivation.pdf}
}

@incollection{ali_ahmed_detection_2019,
  title = {Detection of {{Palm Tree Pests Using Thermal Imaging}}: {{A Review}}},
  booktitle = {Machine {{Learning Paradigms}}: {{Theory}} and {{Application}}, {{Studies}} in {{Computational Intelligence}}},
  author = {Ali Ahmed, Abdelhameed Ibrahim and Sherif Hussein},
  date = {2019},
  volume = {801},
  pages = {253--270},
  file = {/home/aubrey/Zotero/storage/7Z9BAPX8/10.1007978-3-030-02357-712.pdf}
}

@article{ali_microbial_nodate,
  title = {{{MICROBIAL APPROACH IN PEST CONTROL}}},
  author = {Ali, Siti Ramlah Ahmad and Moslim, Ramle and Kamarudin, Norman and Wahid, Mohd Basri},
  date = {2010},
  pages = {50},
  file = {/home/aubrey/Zotero/storage/27B5P58F/Ali et al. - MICROBIAL APPROACH IN PEST CONTROL.pdf},
  langid = {english}
}

@article{allan_m._crawford_changes_1983,
  title = {Changes in the Karyotype of the Cell Line, {{DSIR}}-{{HA}}-1179, and a Comparison with That of Its Parent Insect, {{Heteronychus}} Arator ({{F}}.) ({{Coleoptera}}: {{Scarabaeidae}})},
  author = {ALLAN M. CRAWFORD, MALCOLM PARSLOW and CATHERINE SHEEHAN},
  date = {1983},
  journaltitle = {New Zealand J. Zoology},
  volume = {10},
  pages = {405--408},
  file = {/home/aubrey/Zotero/storage/BCTQSC4Z/Crawford, A. M. et al. 1983.pdf}
}

@article{allan_m._crawford_changes_1983-1,
  title = {Changes in the Karyotype of the Cell Line, {{DSIR}}-{{HA}}-1179, and a Comparison with That of Its Parent Insect, {{Heteronychus}} Arator ({{F}}.) ({{Coleoptera}}: {{Scarabaeidae}})},
  author = {ALLAN M. CRAWFORD, MALCOLM PARSLOW and CATHERINE SHEEHAN},
  date = {1983},
  journaltitle = {New Zealand J. Zoology},
  volume = {10},
  pages = {405--408}
}

@article{allan_m._crawford_genotypic_1986,
  title = {Genotypic {{Variation}} in {{Geographical Isolates}} of {{Oryctes Baculovirus}}},
  author = {Crawford, Allan M and Zelazny, Bernhard and Alfiler, A. R.},
  date = {1986},
  journaltitle = {J. gen. Virol.},
  volume = {67},
  pages = {949--952},
  file = {/home/aubrey/Zotero/storage/F2CE6TFG/ALLAN M. CRAWFORD et al. 1986.pdf}
}

@article{allan_m._crawford_physical_1985,
  title = {A {{Physical Map}} of the {{Oryctes Baculovirus Genome}}},
  author = {ALLAN M. CRAWFORD, KEVIN ASHBRIDGE and CATHY SHEEHAN, PETER FAULKNER},
  date = {1985},
  journaltitle = {J. gen Virology},
  volume = {66},
  pages = {2649--2658},
  file = {/home/aubrey/Zotero/storage/7HI86GD6/Crawford, A. M. et al. 1985.pdf}
}

@article{allan_m._crawford_replication_1985,
  title = {Replication of {{Oryctes Baculovirus}} in {{Cell Culture}}: {{Viral Morphogenesis}}, {{Infectivity}} and {{Protein Synthesis}}},
  author = {ALLAN M. CRAWFORD, CATHY SHEEHAN},
  date = {1985},
  journaltitle = {J gen Virology},
  volume = {66},
  pages = {529--539},
  file = {/home/aubrey/Zotero/storage/JBGPU95S/Crawford and Sheehan 1985.pdf}
}

@article{allan_m.crawford_attempts_1981,
  title = {Attempts to Obtain {{Oryctes}} Baculovirus Replication in Three Insect Cell Cultures},
  author = {Allan M.Crawford},
  date = {1981},
  journaltitle = {Virology},
  volume = {112},
  pages = {625--633},
  number = {2}
}

@article{allan_m.crawford_evolution_1990,
  title = {Evolution in {{Oryctes}} Baculovirus: {{Rate}} and Types of Genomic Change},
  author = {Crawford, Allan M and Zelazny, Bernhard},
  date = {1990},
  journaltitle = {Virology},
  volume = {174},
  pages = {294--298},
  number = {1}
}

@article{allou_oryctes_2006,
  title = {Oryctes Monoceros Trapping with Synthetic Pheromone and Palm Material in {{Ivory Coast}}},
  author = {Allou, Kouassi and Morin, Jean-Paul and Kouassi, Philippe and {Fran}},
  date = {2006},
  journaltitle = {Journal of Chemical Ecology},
  volume = {32},
  pages = {1743--1754},
  url = {http://www.guaminsects.net/CRB/docs/Allou 2006 Oryctes monoceros trapping with synthetic pheromone and palm material in Ivory Coast\%00fd.pdf},
  file = {/home/aubrey/Zotero/storage/NFCGAE8A/Allou et al. - 2006 - Oryctes monoceros trapping with synthetic pheromone and palm material in Ivory Coast.pdf},
  keywords = {coconut rhinoceros beetle and oryctes rhinoceros}
}

@article{alois_m.huger_virus_1966,
  title = {A Virus Disease of the {{Indian}} Rhinoceros Beetle, {{Oryctes}} Rhinoceros (Linnaeus), Caused by a New Type of Insect Virus, {{Rhabdionvirus}} Oryctes Gen. n., Sp. n},
  author = {Alois M.Huger},
  date = {1966},
  journaltitle = {Journal of Invertebrate Pathology},
  volume = {8},
  pages = {38--51},
  number = {1}
}

@misc{anonymus_pohnpei_2019,
  title = {Pohnpei {{Coconut Rhinoceros Beetle Poster}}},
  author = {Anonymus},
  date = {2019},
  file = {/home/aubrey/Zotero/storage/AP2TIVHU/Pohnpei-crb-poster.pdf}
}

@article{anonymus_project_2020,
  title = {Project to Introduce a Coconut Rhinoceros Beetle Disease in {{Guam}} Gets \${{240K}} Grant},
  author = {{Anonymus}},
  date = {2020-05-27},
  journaltitle = {Saipan Tribune},
  url = {https://www.saipantribune.com/index.php/project-to-introduce-a-coconut-rhinoceros-beetle-disease-in-guam-gets-240k-grant/},
  urldate = {2020-05-28},
  entrysubtype = {newspaper},
  journalsubtitle = {Local News},
  langid = {american}
}

@article{anonymus_project_2020-1,
  title = {Project to Introduce a Coconut Rhinoceros Beetle Disease in {{Guam}} Gets \$240,000 Grant},
  author = {{Anonymus}},
  date = {2020-05-26},
  journaltitle = {Stars and Stripes Guam},
  url = {https://guam.stripes.com/community-news/project-introduce-coconut-rhinoceros-beetle-disease-guam-gets-240000-grant},
  urldate = {2020-05-28},
  entrysubtype = {newspaper},
  langid = {english}
}

@article{anonymus_uog_2020,
  title = {{{UOG}} Coconut Rhinoceros Beetle Program Gets \${{240K}} Grant},
  author = {{Anonymus}},
  date = {2020-05-29},
  journaltitle = {The Guam Daily Post},
  url = {https://www.postguam.com/news/local/uog-coconut-rhinoceros-beetle-program-gets-240k-grant/image_370d9892-9fe6-11ea-a7b1-3b65888cfd6e.html},
  urldate = {2020-05-29},
  entrysubtype = {newspaper},
  file = {/home/aubrey/Zotero/storage/XLFBZUBL/image_370d9892-9fe6-11ea-a7b1-3b65888cfd6e.html},
  langid = {english}
}

@unpublished{aubrey_moore_coconut_2018-2,
  title = {The {{Coconut Rhinoceros Beetle Outbreak}} on {{Guam}}: {{What Can Be Done About It}}?},
  author = {{Aubrey Moore}},
  date = {2018-09-22},
  url = {https://ndownloader.figshare.com/files/13141172},
  eventtitle = {Guam {{Humanities Project}}: {{Taking Root}}: {{Growing Youth Empowerment}} for {{Island Sustainability}}},
  file = {/home/aubrey/Zotero/storage/VFDXG6PY/Aubrey_Jane_Goodall.odp},
  keywords = {McIntire-Stennis final report 2019,presentation2018},
  venue = {{University of Guam, Mangilao, Guam.}}
}

@unpublished{aubrey_moore_improved_2014,
  title = {Improved Traps for Coconut Rhinoceros Beetle, {{Oryctes}} Rhinoceros},
  author = {Aubrey Moore and Roland Quitugua and Matthew Siderhurst and Eric Jang},
  date = {2014-11-19},
  doi = {10.5281/zenodo.165763},
  url = {https://zenodo.org/record/165763#.XsmDzRZS-rw},
  urldate = {2020-05-23},
  file = {/home/aubrey/Zotero/storage/24464JSM/Aubrey Moore et al. - 2014 - Improved traps for coconut rhinoceros beetle, Oryc.pdf}
}

@article{b._zelazny_introduction_1990,
  title = {Introduction and {{Field Comparison}} of {{Baculovirus Strains Against Oryctes}} Rhinoceros ({{Coleoptera}}: {{Scarahaeidae}}) in the {{Maldives}}},
  author = {Zelazny, Bernhard and Lolong, A. and Crawford, Allan M},
  date = {1990},
  journaltitle = {Environmental Entomology},
  volume = {19},
  pages = {1115--1121},
  number = {4}
}

@article{b._zelazny_oryctes_1992,
  title = {Oryctes Rhinoceros ({{Coleoptera}}: {{Scarabaeidae}}) Populations Suppressed by a Baculovirus},
  author = {Zelazny, Bernhard and Lolong, A. and Pattang, B.},
  date = {1992},
  journaltitle = {Journal of Invertebrate Pathology},
  volume = {59},
  pages = {61--68},
  number = {1}
}

@article{b.zelazny_studies_1972,
  title = {Studies on {{Rhabdionvirus}} Oryctes: {{I}}. {{Effect}} on {{Larvae}} of {{Oryctes}} Rhinoceros and Inactivation of the Virus},
  author = {Zelazny, Bernhard},
  date = {1972},
  journaltitle = {Journal of Invertebrate Pathology},
  volume = {20},
  pages = {235--241},
  number = {3}
}

@article{bedford_advances_2014-1,
  title = {Advances in the Control of Rhinoceros Beetle, {{Oryctes}} Rhinoceros in Oil Palm.},
  author = {Bedford, G O},
  date = {2014},
  journaltitle = {Journal of Oil Palm Research},
  volume = {26},
  pages = {183--194},
  url = {http://jopr.mpob.gov.my},
  file = {/home/aubrey/Zotero/storage/NSARMTWU/joprv26sep2014-geoffrey1.pdf},
  keywords = {angiosperms,animal viruses,animals,APEC countries,Arecaceae,Arecales,arthropods,Ascomycota,ASEAN Countries,Asia,biocontrol,biocontrol agents,biological control,biological control agents,biological control organisms,Clavicipitaceae,Coleoptera,Commonwealth of Nations,Developing Countries,Elaeis,entomogenous fungi,entomopathogenic fungi,entomopathogens,eukaryotes,fungi,fungus,Hexapoda,Hypocreales,insect control,insect pests,insect traps,insect viruses,insects,integrated pest management,invertebrates,IPM,Malaysia,Metarhizium,Metarhizium anisopliae,monocotyledons,natural enemies,oil palms,Oryctes (Coleoptera),Oryctes rhinoceros,pathogens,pest control,pest insects,Pezizomycotina,pheromone traps,plant pests,plants,Scarabaeidae,sex attractant traps,Sordariomycetes,South East Asia,Spermatophyta,Threshold Countries,virulence,viruses,viruses of insects},
  number = {3}
}

@article{bedford_biological_1986,
  title = {Biological Control of the Rhinoceros Beetle ({{Oryctes}} Rhinoceros) in the {{South Pacific}} by Baculovirus},
  author = {Bedford, G O},
  date = {1986},
  journaltitle = {Agriculture, Ecosystems and Environment},
  volume = {15},
  pages = {141--147},
  file = {/home/aubrey/Zotero/storage/57KE2RW2/Bedford - 1986 - Biological control of the rhinoceros beetle (Oryctes rhinoceros) in the South Pacific by baculovirus.pdf}
}

@article{bedford_biology_1980,
  title = {Biology, Ecology, and Control of Palm Rhinoceros Beetles},
  author = {Bedford, Geoffrey O},
  date = {1980},
  journaltitle = {Annual Review of Entomology},
  volume = {25},
  pages = {309--339},
  file = {/home/aubrey/Zotero/storage/WDTP47TJ/Bedford - 1980 - Biology, ecology, and control of palm rhinoceros beetles.pdf}
}

@article{bedford_biology_2010,
  title = {Biology, {{Ecology}}, and {{Management}} of {{Palm Dynastid Beetles}}},
  author = {Bedford, Geoffrey O.},
  date = {2010},
  journaltitle = {Annual Review of Entomology},
  volume = {57},
  pages = {110301095920015--110301095920015},
  issn = {0066-4170},
  doi = {10.1146/annurev-ento-120710-100547},
  file = {/home/aubrey/Zotero/storage/FATP257T/Bedford - 2013 - Biology and management of palm dynastid beetles recent advances.pdf},
  keywords = {Metarhizium,nudivirus,oryctes,palms,pheromone,scapanes},
  number = {1}
}

@article{bedford_biology_2013,
  title = {Biology and Management of Palm Dynastid Beetles: Recent Advances.},
  author = {Bedford, Geoffrey O},
  date = {2013-01},
  journaltitle = {Annual review of entomology},
  volume = {58},
  pages = {353--72},
  doi = {10.1146/annurev-ento-120710-100547},
  eprint = {23317044},
  eprinttype = {pubmed},
  file = {/home/aubrey/Zotero/storage/N6Q2UMTE/Bedford - 2013 - Biology and Management of Palm Dynastid Beetles Recent Advances.pdf},
  keywords = {animals,Arecaceae,Beetles,Beetles: microbiology,Beetles: physiology,Beetles: virology,DNA Viruses,DNA Viruses: physiology,Herbivory,insect control,Insect Control: methods,Metarhizium,Metarhizium: physiology,nudivirus,oryctes,palms,pheromone,Pheromones,Pheromones: metabolism,scapanes,Species Specificity}
}

@article{bedford_experiments_1973,
  title = {Experiments {{Coconut Palm}} with the {{Virus Rhabdionvirus}} Oryctes against and the {{Scapanes Rhinoceros Beetles}} Australis Grossepunctafus {{Oryctes}} Rhinoceros in {{New Guinea}}},
  author = {Bedford, G O},
  date = {1973},
  journaltitle = {Journal of Invertebrate Pathology},
  volume = {22},
  pages = {70--74},
  file = {/home/aubrey/Zotero/storage/DDXQSH4V/Bedford - 1973 - Experiments Coconut Palm with the Virus Rhabdionvirus oryctes against and the Scapanes Rhinoceros Beetles australis gro.pdf}
}

@article{bedford_g._o._long-term_2013,
  title = {Long-Term Reduction in Damage by Rhinoceros Beetle {{Oryctes}} Rhinoceros ({{L}}.) ({{Coleoptera}}: {{Scarabaeidae}}: {{Dynastinae}}) to Coconut Palms at {{Oryctes}} Nudivirus Release Sites on {{Viti Levu}}, {{Fiji}}},
  author = {Bedford, Geoffrey O.},
  date = {2013},
  journaltitle = {African J. Agricultural Research},
  volume = {8},
  pages = {6422--6425},
  url = {https://www.researchgate.net/publication/320921021_Long-term_reduction_in_damage_by_rhinoceros_beetle_Oryctes_rhinoceros_L_Coleoptera_Scarabaeidae_Dynastinae_to_coconut_palms_at_Oryctes_Nudivirus_release_sites_on_Viti_Levu_Fiji},
  file = {/home/aubrey/Zotero/storage/JESZCQBS/Bedford,G. O. 2013.pdf},
  number = {49}
}

@article{bedford_observations_1968,
  title = {Observations on the Ecology of {{Oryctes}} ({{Coleoptera}}: {{Scarabaeidae}}: {{Dynastinae}}) in {{Madagascar}}},
  author = {Bedford, G. O.},
  date = {1968},
  journaltitle = {Bulletin of Entomological Research},
  volume = {58},
  pages = {83--83},
  doi = {10.1017/S0007485300055887},
  file = {/home/aubrey/Zotero/storage/5W244MMD/S0007485300055887a.pdf},
  number = {01}
}

@article{bedford_trap_1975,
  title = {Trap Catches of the Coconut Rhinoceros Beetle {{Oryctes}} Rhinoceros ({{L}}.) ({{Coleoptera}}, {{Scarabaeidae}}, {{Dynastinae}}) in {{New Britain}}},
  author = {Bedford, Geoffrey O},
  date = {1975},
  journaltitle = {Bulletin of Entomological Research},
  volume = {65},
  pages = {443--451},
  url = {http://www.guaminsects.net/CRB/docs/Bedford 1975 Trap catches of the coconut rhinoceros beetle Oryctes rhinoceros.pdf},
  file = {/home/aubrey/Zotero/storage/EGZJSJ6B/Bedford - 1975 - Trap catches of the coconut rhinoceros beetle Oryctes rhinoceros (L.) (Coleoptera, Scarabaeidae, Dynastinae) in New Bri.pdf}
}

@article{bedford*_observations_1976,
  title = {{{OBSERVATIONS ON THE BIOLOGY AND ECOLOGY OF ORYCTES RHINOCEROS AND SCAPANES AUSTRALIS}} ({{COLEOPTERA}}: {{SCARABAEIDAE}}: {{DYNASTINAE}}): {{PESTS OF COCONUT PALMS IN MELANESIA}}},
  author = {Bedford*, G. O. and BEDFORD, G O and Bedford*, G. O.},
  date = {1976},
  journaltitle = {Australian Journal of Entomology},
  volume = {15},
  pages = {241--251},
  doi = {10.1111/j.1440-6055.1976.tb01701.x},
  url = {http://dx.doi.org/10.1111/j.1440-6055.1976.tb01701.x},
  file = {/home/aubrey/Zotero/storage/QSIM393F/j.1440-6055.1976.tb01701.x.pdf},
  number = {3}
}

@article{benedict_assessment_nodate,
  title = {Assessment of {{Coconut Rhinoceros Beetle Damage}} and {{Resistance}} in the {{Palau Archipelago}}},
  author = {Benedict, Melemalt},
  pages = {1},
  file = {/home/aubrey/Zotero/storage/UD3ZLPHT/Benedict - Assessment of Coconut Rhinoceros Beetle Damage and.pdf},
  langid = {english}
}

@article{bernhardzelazny_transmission_1976,
  title = {Transmission of a Baculovirus in Populations of {{Oryctes}} Rhinoceros},
  author = {Zelazny, Bernhard},
  date = {1976},
  journaltitle = {Journal of Invertebrate Pathology},
  volume = {27},
  pages = {221--227},
  number = {2}
}

@article{blas_lavandero_need_2004,
  title = {The Need for Effective Marking and Tracking Techniques for Monitoring the Movements of Insect Predators and Parasitoids},
  author = {Blas Lavandero, James Hagler and Steve Wratten, Mark Jervis},
  date = {2004},
  journaltitle = {International Journal of Pest Management},
  volume = {50},
  pages = {147--151},
  number = {3}
}

@thesis{brandi-leigh_h._adams_analysis_2019,
  title = {{{ANALYSIS AND DEVELOPMENT OF MANAGEMENT TOOLS FOR ORYCTES RHINOCEROS}} ({{COLEOPTERA}}: {{SCARABAEIDAE}})},
  author = {Brandi-Leigh H. Adams},
  date = {2019},
  institution = {{University of Hawaii}},
  file = {/home/aubrey/Zotero/storage/3Q5G5KNU/Adams_hawii_0085O_10232.pdf},
  langid = {english},
  pagetotal = {91},
  type = {Masters Thesis}
}

@article{campbell_feral_2005,
  title = {Feral Goat Eradications on Islands},
  author = {Campbell, Karl and Donlan, C. Josh},
  date = {2005},
  journaltitle = {Conservation Biology},
  volume = {19},
  pages = {1362--1374},
  issn = {0888-8892},
  doi = {10.1111/j.1523-1739.2005.00228.x},
  url = {https://www.researchgate.net/publication/227629602_Feral_Goat_Eradications_on_Islands},
  file = {/home/aubrey/Zotero/storage/QURF8EBI/Campbell&Donlan2005.pdf},
  keywords = {Capra hircus,Conservation action,Eradication techniques,Introduced species,Invasive species,Island restoration,Nonnative species},
  number = {5}
}

@article{catley_coconut_1969,
  title = {The Coconut Rhinoceros Beetle {{Oryctes}} Rhinoceros ({{L}})},
  author = {Catley, A},
  date = {1969},
  journaltitle = {International Journal of Pest Management: Part A},
  volume = {15},
  pages = {18--30},
  issn = {0434554690941},
  doi = {10.1080/04345546909415075},
  file = {/home/aubrey/Zotero/storage/TE9TAU9J/Catley 1969.pdf},
  number = {1}
}

@article{chakravarthy_efficacy_2014,
  title = {Efficacy of Aggregation Pheromone in Trapping Red Palm Weevil ({{Rhynchophorus}} Ferrugineus {{Olivier}}) and Rhinoceros Beetle ({{Oryctes}} Rhinoceros {{Linn}}.) from Infested Coconut Palms},
  author = {Chakravarthy, a. K. and Chandrashekharaiah, M. and Kandakoor, Subhash B. and Nagaraj, D. N.},
  date = {2014},
  journaltitle = {Journal of Environmental Biology},
  volume = {35},
  pages = {479--484},
  file = {/home/aubrey/Zotero/storage/NS8ZMKCH/paper_05.pdf},
  keywords = {Aggregation pheromone,Olfactometer,Red palm weevil,Rhinoceros beetle},
  number = {3}
}

@article{chung_gait_fee_bioefficacy_1997,
  title = {The Bioefficacy of the Aggregation Pheromone in Mass Trapping of Rhinoceros Beetles ({{Oryctes}} Rhinoceros {{L}}.) in {{Malaysia}}.},
  author = {Chung, Gait Fee},
  date = {1997},
  journaltitle = {Planter},
  volume = {73},
  pages = {119--127},
  number = {852}
}

@article{cik_mohd_rizuan_zainal_abidin_population_2014,
  title = {{{POPULATION DYNAMICS OF Oryctes}} Rhinoceros {{IN DECOMPOSING OIL PALM TRUNKS IN AREAS PRACTISING ZERO BURNING AND PARTIAL BURNING}}},
  author = {CIK MOHD RIZUAN ZAINAL ABIDIN, ABU HASSAN AHMAD and HASBER SALIM, NOOR HISHAM HAMID},
  date = {2014},
  journaltitle = {Journal of oil Palm Research},
  volume = {26},
  pages = {140--145},
  file = {/home/aubrey/Zotero/storage/USHSME3T/CIK MOHD RIZUAN ZAINAL ABIDIN et al 2014.pdf},
  number = {2}
}

@online{clark_economic_2016,
  title = {The Economic Case for Invasive Brown Tree Snake Management | {{THE WILDLIFE SOCIETY}}]},
  author = {Clark, Larry},
  date = {2016},
  url = {https://wildlife.org/the-economic-case-for-invasive-brown-tree-snake-management/},
  urldate = {2020-02-24},
  file = {/home/aubrey/Zotero/storage/S49FKT9M/the-economic-case-for-invasive-brown-tree-snake-management.html},
  langid = {american}
}

@report{cnmi_action_2018,
  title = {Action {{Plan}} for {{Oryctes}} Rhinoceros in the {{Commonwealth}} of the {{Northern Mariana Islands}} 2018-2023},
  author = {{CNMI}},
  date = {2018},
  institution = {{COMMONWEALTH OF THE NORTHERN MARIANA ISLANDS DEPARTMENT OF LANDS AND NATURAL RESOURCES}},
  url = {https://pacificbasindevelopment.org/wp-content/uploads/2019/04/CNMI-Rhino-Beetle-Plan.pdf},
  urldate = {2019-08-22},
  file = {/home/aubrey/Zotero/storage/DY34TMGK/CNMI-Rhino-Beetle-Plan.pdf}
}

@article{corey_c._holt_frst_2019,
  title = {The Frst Clawed Lobster Virus {{Homarus}} Gammarus Nudivirus ({{HgNV}} n. Sp.) Expands the Diversity of the {{Nudiviridae}}},
  author = {Corey C. Holt, Michelle Stone and David Bass, Kelly S. Bateman and Ronny van Aerle 1, Carly L. Daniels and Mark van der Giezen, Stuart H. Ross and Chantelle Hooper1, Grant D. Stentiford},
  date = {2019},
  journaltitle = {Nature Scientific Reports},
  volume = {9},
  pages = {15 pages},
  file = {/home/aubrey/Zotero/storage/DJXE53JG/Nudivirus in clawed lobster.pdf}
}

@report{crawford_detection_nodate,
  title = {Detection of Baculovirus Infection in Rhinoceros Beetle ({{Oryctes}} Rhinoceros) and the Purification and Identification of Virus Strains},
  author = {Crawford, Allan M},
  pages = {120--141},
  file = {/home/aubrey/Zotero/storage/ZE87923A/Crawford - Unknown - Detection of baculovirus infection in rhinoceros beetle (Oryctes rhinoceros) and the purification and identificatio.pdf}
}

@article{crawford_engineering_1989,
  title = {Engineering of an {{Oryctes}} Baculovirus Recombinant: Insertion of the Polyhedrin Gene from the {{Autographa}} Californica Nuclear Polyhedrosis Virus.},
  author = {Crawford, a M},
  date = {1989-04},
  journaltitle = {The Journal of general virology},
  volume = {70 ( Pt 4)},
  pages = {1017--24},
  eprint = {2659730},
  eprinttype = {pubmed},
  file = {/home/aubrey/Zotero/storage/6GFUSHMS/Crawford - 1989 - Engineering of an Oryctes baculovirus recombinant insertion of the polyhedrin gene from the Autographa californica nuc.pdf},
  keywords = {animals,Beetles,Blotting; Northern,Blotting; Southern,Cell Line,DNA; Viral,DNA; Viral: analysis,DNA; Viral: genetics,Genetic Vectors,insect viruses,Insect Viruses: genetics,Nucleic Acid Hybridization,Plasmids,Restriction Mapping,RNA; Viral,RNA; Viral: analysis,Transfection,Viral Proteins,Viral Proteins: genetics,Viral Structural Proteins}
}

@article{crawford_oryctes_1984,
  title = {An {{Oryctes}} Rhinoceros ( {{L}} .) ( {{Coleoptera}} : {{Scarabaeidae}} ) {{Baculovirus Inoculum Derived}} from {{Tissue Culture}}},
  author = {Crawford, Allan M},
  date = {1984},
  journaltitle = {Journal of Economic Entomology},
  volume = {77},
  pages = {1982--1983},
  file = {/home/aubrey/Zotero/storage/4C9V9NTV/Crawford - 1984 - An Oryctes rhinoceros ( L .) ( Coleoptera Scarabaeidae ) Baculovirus Inoculum Derived from Tissue Culture.pdf}
}

@article{crawford_oryctes_1985,
  title = {Oryctes Baculovirus Infectivity for {{New Zealand}} Scarabs},
  author = {Crawford, Allan M},
  date = {1985},
  journaltitle = {Proceedings of the 4th Australasian Conference on grassland invertebrate ecology},
  pages = {224--227},
  url = {http://guaminsects.myspecies.info/sites/guaminsects.myspecies.info/files/Crawford%20et%20al%20-%201985.pdf},
  urldate = {2019-06-22},
  file = {/home/aubrey/Zotero/storage/U4FLZX2J/Crawford et al - 1985.pdf}
}

@article{dara_m._wald_role_2018,
  title = {The {{Role}} of {{Trust}} in {{Public Attitudes}} toward {{Invasive Species Management}} on {{Guam}}: {{A Case Study}}},
  author = {DARA M. WALD, KIMBERLY A. NELSON and ANN MARIE GAWEL, HALDRE S. ROGERS},
  date = {2018},
  journaltitle = {Iowa State University Summer Symposium on Science Communication: 2018: Understanding the Role of Trust and Credibility in Science Communication},
  file = {/home/aubrey/Zotero/storage/SWSRBSM8/The Role of Trust in Public Attitudes toward Invasive Species Man.pdf}
}

@article{darus_intensive_2000,
  title = {Intensive {{IPM}} for Management of Oil Palm Pests},
  author = {Darus, Ariffin and Wahid, Mohd Basri},
  date = {2000},
  journaltitle = {Oil Palm Bulletin},
  volume = {41},
  pages = {1--14},
  url = {http://www.guaminsects.net/CRB/docs/Darus IPM for management of oil palm pests MALAY.pdf},
  file = {/home/aubrey/Zotero/storage/VHP3FMKH/Darus, Wahid - Unknown - Intensive IPM for management of oil palm pests.pdf}
}

@book{darwin_ascent_1871,
  title = {The {{Ascent}} of {{Man}}, and {{Selection}} in {{Relation}} to {{Sex}}},
  author = {Darwin, Charles},
  date = {1871},
  edition = {1},
  volume = {1},
  publisher = {{John Murray}},
  location = {{London}},
  url = {http://darwin-online.org.uk/pdf/1871\{_\}Descent\{_\}F937.1.pdf}
}

@article{david_w._williams_tracking_2004,
  title = {Tracking {{Movements}} of {{Individual Anoplophora}} Glabripennis ({{Coleoptera}}: {{Cerambycidae}}) {{Adults}}: {{Application}} of {{Harmonic Radar}}},
  author = {DAVID W. WILLIAMS, GUOHONG LI and RUITONG GAO},
  date = {2004},
  journaltitle = {Environ. Entomol.},
  volume = {33},
  pages = {644--649},
  file = {/home/aubrey/Zotero/storage/7E88GW5F/Tracking movements of Cerambycidae.pdf},
  number = {3}
}

@article{davidson_environmental_1972,
  title = {Environmental {{Stress}} in the {{Pasture Scarab Sericesthis}} Nigrolineata {{Boisd}} . {{I}} . {{Mortality}} in {{Larvae Caused}} by {{High Temperature}}},
  author = {Davidson, R L and Wiseman, J R and Wolfe, V J and Journal, The and Dec, No},
  date = {1972},
  volume = {9},
  pages = {783--797},
  file = {/home/aubrey/Zotero/storage/KT5MA5SP/Davidson et al. - 1972 - Environmental Stress in the Pasture Scarab Sericesthis nigrolineata Boisd . I . Mortality in Larvae Caused by H.pdf},
  number = {3}
}

@article{dhondt_effect_nodate,
  title = {Effect of {{Juvenile Hormone Mimics}} on the {{Coconut Rhinoceros Beetle}}},
  author = {Dhondt, Andre A and Mcgovern, T P and Beroza, Morton},
  journaltitle = {Journal of Economic Entomology},
  volume = {69},
  pages = {427-428(2)},
  url = {http://www.ingentaconnect.com/content/esa/jee/1976/00000069/00000004/art00002},
  file = {/home/aubrey/Zotero/storage/CZJDUP55/Dhondt, Mcgovern, Beroza - Unknown - Effect of Juvenile Hormone Mimics on the Coconut Rhinoceros Beetle.pdf}
}

@article{doane_how_1913,
  title = {How {{Oryctes Rhinoceros}}, a {{Dynastid Beetle}}, {{Uses Its Horn}}.},
  author = {Doane, R W},
  date = {1913-12},
  journaltitle = {Science},
  volume = {38},
  pages = {883--883},
  doi = {10.1126/science.38.990.883},
  eprint = {17752421},
  eprinttype = {pubmed},
  file = {/home/aubrey/Zotero/storage/6IIQH5H4/Doane - 1913 - How Oryctes Rhinoceros, a Dynastid Beetle, Uses Its Horn.pdf},
  number = {990}
}

@article{dolinski_microbial_2007,
  title = {Microbial Control of Arthropod Pests of Tropical Tree Fruits},
  author = {Dolinski, Claudia and Lacey, Lawrence A},
  date = {2007},
  journaltitle = {Neotropical Entomology},
  volume = {36},
  pages = {161--179},
  url = {http://www.scielo.br/pdf/ne/v36n2/a01v36n2.pdf},
  file = {/home/aubrey/Zotero/storage/5G4ZGBDU/Dolinski, Lacey - 2007 - Microbial control of arthropod pests of tropical tree fruits.pdf},
  number = {2}
}

@report{donnegon_guams_2004,
  title = {Guam's {{Forest Resources}}, 2002},
  author = {Donnegon, Joseph A. and Buttler, Sarah L. and Grabowiecki, Walter and Hiserote, Bruce A. and Limtiaco, David},
  date = {2004},
  url = {http://www.fs.fed.us/pnw/pubs/pnw_rb243.pdf},
  urldate = {2016-07-30},
  file = {/home/aubrey/Zotero/storage/W2N3VWJA/pnw_rb243.pdf},
  number = {PNW-RB-243}
}

@article{dyah_rini_indriyanti_density_2017,
  title = {{{DENSITY AND COMPOSITION OF Oryctes Rhinoceros}} ({{COLEOPTERA}}: {{SCARABAEIDAE}}) {{STADIA}}  {{IN FIELD}}},
  author = {Dyah Rini Indriyanti, Siska Dewi Anggraeni and Muji Slamet},
  date = {2017},
  journaltitle = {Journal of Engineering and Applied Sciences},
  volume = {12},
  file = {/home/aubrey/Zotero/storage/XZF7JW2T/Dyah Rini Indriyanti et al. 2017.pdf},
  number = {22}
}

@article{e._t._cant1_tracking_2005,
  title = {Tracking Butterfly Flight Paths across the Landscape with Harmonic Radar},
  author = {E. T. Cant1, A. D. Smith and D. R. Reynolds, J. L. Osborne},
  date = {2005},
  journaltitle = {Proc. R. Soc. B},
  volume = {272},
  pages = {785--790},
  file = {/home/aubrey/Zotero/storage/9ZUKQ74S/Tracking butterfly flight paths with harmonic radar.pdf}
}

@article{e.c._young_rhinoceros_1986,
  title = {{{THE RHINOCEROS BEETLE PROJECT}}: {{HISTORY AND REVIEW OF THE RESEARCH PROGRAMME}}.},
  author = {E.C. YOUNG},
  date = {1986},
  journaltitle = {Agriculture, Ecosystems and Environment},
  volume = {15},
  pages = {149--166},
  file = {/home/aubrey/Zotero/storage/EWQ4GWZW/E.C. Young 1986.pdf}
}

@article{e.c.young_epizootiology_1974,
  title = {The Epizootiology of Two Pathogens of the Coconut Palm Rhinoceros Beetle},
  author = {E.C.Young},
  date = {1974},
  journaltitle = {Journal of Invertebrate Pathology},
  volume = {24},
  pages = {82--92},
  number = {1}
}

@article{ero_detection_2016,
  title = {Detection of the {{Guam}} Biotype ({{CRB}}-{{G}}) {{Oryctes}} Rhinoceros {{Linneaus}} ({{Coleoptera}}: {{Scarabaeidae}}) in {{Port Moresby}}, {{Papua New Guinea}}.},
  shorttitle = {Detection of the {{Guam}} Biotype ({{CRB}}-{{G}}) {{Oryctes}} Rhinoceros {{Linneaus}} ({{Coleoptera}}},
  author = {Ero, M. M. and Sar, S. and Kawi, A. and Tenakanai, D. and Gende, P. and Bonneau, L. J. G.},
  date = {2016},
  journaltitle = {Planter},
  volume = {92},
  pages = {883--891},
  publisher = {{Incorporated Society of Planters}},
  issn = {0126-575X},
  url = {https://www.cabdirect.org/cabdirect/abstract/20173152525},
  urldate = {2020-04-13},
  file = {/home/aubrey/Zotero/storage/3SNBARNM/www.cabdirect.org.html},
  langid = {english},
  number = {1089}
}

@article{etebari_complete_2020,
  title = {Complete Genome Sequence of {{Oryctes}} Rhinoceros Nudivirus Isolated from the Coconut Rhinoceros Beetle in {{Solomon Islands}}},
  author = {Etebari, Kayvan and Filipovi\'c, Igor and Ra\v{s}i\'c, Gordana and Devine, Gregor J. and Tsatsia, Helen and Furlong, Michael J.},
  date = {2020-01-13},
  journaltitle = {Virus Research},
  shortjournal = {Virus Research},
  pages = {197864},
  issn = {0168-1702},
  doi = {10.1016/j.virusres.2020.197864},
  url = {http://www.sciencedirect.com/science/article/pii/S0168170219308123},
  urldate = {2020-01-22},
  file = {/home/aubrey/Zotero/storage/5A5ZVXXK/Etebari et al. - 2020 - Complete genome sequence of Oryctes rhinoceros nud.pdf;/home/aubrey/Zotero/storage/VFMVCYJR/S0168170219308123.html},
  keywords = {Coconut Rhinoceros Beetles,Genome,Oryctes nudivirus (species ),Oxford Nanopore,Scarabaeidae,Solomon Islands,Technologies (ONT) sequencing},
  langid = {english}
}

@article{f._l._vanderplank_assassin_1958,
  title = {The Assassin Bug) {{Platymerus}} Rhadamanthus {{Gerst}} ({{Hemiptera}}: {{Reduviidae}}\guillemotright ) a Useful Predator of the Rhinoceros Beetles {{Oryctes}} Boas ({{F}}.) and {{Oryctes}} Monoceros ({{Oliv}}.). ({{Coleoptera}}: {{Scarabaeidae}}).},
  author = {F. L. VANDERPLANK},
  date = {1958},
  journaltitle = {Journal Ent. Soc. S. Africa},
  volume = {21},
  number = {2}
}

@article{fee_bioefficacy_1997,
  title = {The Bioefficacy of the Aggregation Pheromone in Mass Trapping of Rhinoceros Beetles ({{Oryctes}} Rhinoceros {{L}}.) in {{Malaysia}}},
  author = {Fee, Chung Gait},
  date = {1997},
  journaltitle = {The Planter},
  volume = {73},
  pages = {119--127},
  url = {http://www.guaminsects.net/CRB/docs/Fee 1997 aggregation pheromone in mass trapping of rhinoceros beetles.pdf},
  file = {/home/aubrey/Zotero/storage/22KQI34B/Fee - 1997 - The bioefficacy of the aggregation pheromone in mass trapping of rhinoceros beetles (Oryctes rhinoceros L.) in Malaysia.pdf},
  number = {852}
}

@article{ferguson_temperature_2008,
  title = {Some {{Temperature Studies}} on the {{Beetle}} , {{Popilius Disjunctus}}},
  author = {Ferguson, Denzel E and Land, James D},
  date = {2008},
  volume = {42},
  pages = {195--197},
  file = {/home/aubrey/Zotero/storage/T4VQUWPM/Ferguson, Land - 2008 - Some Temperature Studies on the Beetle , Popilius Disjunctus.pdf},
  number = {1}
}

@article{filipovic_complete_2020,
  title = {The Complete Mitochondrial Genome Sequence of {{Oryctes}} Rhinoceros ({{Coleoptera}}: {{Scarabaeidae}}) Based on Long-Read Nanopore Sequencing},
  author = {Filipovic, Igor and Hereward, James P. and Ra\v{s}i\'c, Gordana and Devine, Gregor J. and Furlong, Michael J. and Etebari, Kayvan},
  date = {2020-04},
  journaltitle = {ResearchGate},
  url = {https://www.researchgate.net/publication/341017887_The_complete_mitochondrial_genome_sequence_of_Oryctes_rhinoceros_Coleoptera_Scarabaeidae_based_on_long-read_nanopore_sequencing/references#fullTextFileContent},
  urldate = {2020-05-07},
  file = {/home/aubrey/Zotero/storage/49TLGYZJ/references.html},
  langid = {english}
}

@article{g._boiteau_effectiveness_2009,
  title = {Effectiveness of {{Glues Used}} for {{Harmonic Radar Tag Attachment}} and {{Impact}} on {{Survival}} and {{Behavior}} of {{Three Insect Pests}}},
  author = {G. BOITEAU, F. MELOCHE and C. VINCENT, T. C. LESKEY},
  date = {2009},
  journaltitle = {Environ. Entomol.},
  volume = {38},
  pages = {168--175},
  file = {/home/aubrey/Zotero/storage/M3A4DBWM/Effectiveness of glues used for harmonic radar.pdf},
  number = {1}
}

@article{g._boiteau_evaluation_2011,
  title = {Evaluation of {{Tag Entanglement}} as a {{Factor}} in {{Harmonic Radar Studies}} of {{Insect Dispersal}}},
  author = {G. BOITEAU, C. VINCENT and F. MELOCHE, T. C. LESKEY and B. G. COLPITTS},
  date = {2011},
  journaltitle = {Environ. Entomol.},
  volume = {40},
  pages = {94--102},
  file = {/home/aubrey/Zotero/storage/SGCE9ASZ/Evaluation of Tag entanglement.pdf},
  number = {1}
}

@article{g._boiteau_harmonic_2010,
  title = {Harmonic {{Radar}}: {{Assessing}} the {{Impact}} of {{Tag Weight}} on {{Walking Activity}} of {{Colorado Potato Beetle}}, {{Plum Curculio}}, and {{Western Corn Rootworm}}},
  author = {G. BOITEAU, C. VINCENT and F. MELOCHE, T. C. LESKEY},
  date = {2010},
  journaltitle = {JOURNAL OF ECONOMIC ENTOMOLOGY},
  volume = {103},
  pages = {63--69},
  file = {/home/aubrey/Zotero/storage/R7NWMNSF/harmonic radar - assessing the impact.pdf},
  number = {1}
}

@article{g._manjeri_oryctes_2014,
  title = {Oryctes Rhinoceros {{Beetles}}, an {{Oil Palm Pest}} in {{Malaysia}}},
  author = {G. Manjeri, R. Muhamad and Soon Guan Tan},
  date = {2014},
  journaltitle = {Ann. Rev. \& Res. Biology},
  volume = {4},
  pages = {3429--3439},
  file = {/home/aubrey/Zotero/storage/DVIHMQBR/Manjeri, G. et al 2014.pdf},
  number = {22}
}

@article{gabor_l._lovei_harmonic_1997,
  title = {{{HARMONIC RADAR}} - {{A METHOD USING INEXPENSIVE TAGS TO STUDY INVERTEBRATE MOVEMENT ON LAND}}},
  author = {Gabor L. Lovei, Ian A. N. Stringer and Chris D. Devine, Marc Cartellieri},
  date = {1997},
  journaltitle = {NEW ZEALAND JOURNAL OF ECOLOGY},
  volume = {21},
  pages = {187--193},
  file = {/home/aubrey/Zotero/storage/223NZKF5/harmonic radar -  A method.pdf},
  number = {2}
}

@article{geoffrey_o._bedford_possibility_2018,
  title = {Possibility of {{Evolution}} in {{Culture}} of the {{Oryctes Nudivirus}} of the {{Coconut Rhinoceros Beetle Oryctes}} Rhinoceros ({{Coleoptera}}: {{Scarabaeidae}}: {{Dynastinae}})},
  author = {Geoffrey O. Bedford},
  date = {2018},
  journaltitle = {Advances in Entomology},
  volume = {6},
  pages = {27--33},
  file = {/home/aubrey/Zotero/storage/TKXQQE57/Possibility of Evolution in Culture of the Oryctes.pdf}
}

@article{golabi_draft_2009,
  title = {Draft {{Proposal}}: {{Development}} of {{Large Scale Composting}} of {{Green Waste}} on {{Guam}}},
  author = {Golabi, Mohammad and Moore, Aubrey and Quitugua, Roland and Das, K C},
  date = {2009},
  url = {http://guaminsects.net/anr/sites/default/files/Guam Large-Scale Composting.pdf},
  file = {/home/aubrey/Zotero/storage/ZHSB66XJ/Guam Large-Scale Composting.pdf}
}

@article{gopal_microbial_2002,
  title = {Microbial Pathogens of the Coconut Pest {{Oryctes}} Rhinoceros: Influence of Weather Factors on Their Infectivity and Study of Their Coincidental Ecology in {{Kerala}}, {{India}}},
  author = {Gopal, Murali and Gupta, Alka and Sathiamma, B. and Nair, C. P R and Thomas, George V},
  date = {2002},
  journaltitle = {World Journal of Microbiology and Biotechnology},
  volume = {18},
  pages = {417--421},
  doi = {10.1023/A:1015540625298},
  url = {http://www.guaminsects.net/CRB/docs/Gopal 2002 pathogens Oryctes weather.pdf},
  file = {/home/aubrey/Zotero/storage/352RCH87/Gopal, Gupta, Thomas - 2002 - Microbial pathogens of the coconut pest Oryctes rhinoceros influence of weather factors on their infectivi.pdf;/home/aubrey/Zotero/storage/6WWJJECK/Microbial pathogens of the coconut pest Oryctes rhinoceros- influence of weather factors on their infectivity and study of their coincidental ecology in Kerala, India.pdf},
  keywords = {Abiotic factors,Coconut palm,coconut rhinoceros beetle,Influencing infectivity,Metarhizium anisopliae,Microbial pathogens,Oryctes rhinoceros,Oryctes virus,Pseudornonas alcaligenes},
  number = {5}
}

@article{gopal_prospects_2006,
  title = {Prospects of Using {{Metarhizium}} Anisopliae to Check the Breeding of Insect Pest, {{Oryctes}} Rhinoceros {{L}}. in Coconut Leaf Vermicomposting Sites},
  author = {Gopal, Murali and Gupta, Alka and Thomas, George V},
  date = {2006},
  journaltitle = {Bioresource Technology},
  volume = {97},
  pages = {1801--1806},
  url = {http://www.guaminsects.net/CRB/docs/Gopal 2006 using Metarhizium anisopliae to check the breeding of insect pest, Oryctes rhinoceros L. in coconut leaf vermicomposting sites\%00fd.pdf},
  file = {/home/aubrey/Zotero/storage/NSHMHNHI/Gopal, Gupta, Thomas - 2006 - Prospects of using Metarhizium anisopliae to check the breeding of insect pest, Oryctes rhinoceros L. in c.pdf}
}

@article{gorick_release_1980,
  title = {Release and Establishment of the Baculovirus Disease of {{Oryctes}} Rhinoceros ({{L}}.) ({{Coleoptera}}: {{Scarabaeidae}}) in {{Papua New Guinea}}},
  author = {Gorick, B D},
  date = {1980},
  journaltitle = {Bulletin of Entomological Research},
  volume = {70},
  pages = {445--453},
  url = {http://www.guaminsects.net/CRB/docs/Gorick 1980 Release and establishment of the baculovirus disease of Oryctes rhinoceros.pdf},
  file = {/home/aubrey/Zotero/storage/JTWHR9WE/Gorick - 1980 - Release and establishment of the baculovirus disease of Oryctes rhinoceros (L.) (Coleoptera Scarabaeidae) in Papua New G.pdf}
}

@article{graillot_progressive_2014,
  title = {Progressive Adaptation of a {{CpGV Isolate}} to Codling Moth Populations Resistant to {{CpGV}}-{{M}}},
  author = {Graillot, Benoit and Berling, Marie and Blachere-Lopez, Christine and Siegwart, Myriam and Besse, Samantha and Lopez-Ferber, Miguel},
  date = {2014},
  journaltitle = {Viruses},
  volume = {6},
  pages = {5135--5144},
  doi = {10.3390/v6125135},
  file = {/home/aubrey/Zotero/storage/PN49Z4IF/Progressive Adaptation of a CpGV Isolate to Codling Moth Populations Resistant to CpGV-M.pdf},
  keywords = {biological control,Coddling moth,Cydia pomonella granulovirus,Resistance development},
  number = {12}
}

@misc{grasela_guam_2020,
  title = {Guam {{CRB Biocontrol Project Technical Report}}: {{OrNV Transmission Experiment}}},
  author = {Grasela, James and Moore, Aubrey},
  date = {2020},
  url = {https://github.com/aubreymoore/OrNV-Transmission/blob/master/ornv-transmission.pdf},
  keywords = {addendum}
}

@report{grasela_progress_2019,
  title = {Progress in {{Bioassays}} of {{OrNV Isolates}} to {{Detect Biocontrol Candidates}} for {{CRB}}-{{G}}},
  author = {Grasela, James},
  date = {2019-09-29},
  pages = {2},
  institution = {{University of Guam}},
  url = {https://github.com/aubreymoore/FB18-Report-2/raw/master/Grasela-September%202019%20Progress%20Report.pdf}
}

@misc{grasela_technical_2020,
  title = {Technical {{Report}}: {{Polymerase Chain Reaction}} ({{PCR}}) {{Analysisi}} of the {{Coconut Rhinoceros Beetle}} ({{CRB}}), {{Oryctes}} Rhinoceros. {{Part}} 1.},
  author = {Grasela, James J. and Moore, Aubrey},
  date = {2020},
  url = {https://github.com/aubreymoore/FY19-PPA-Report-1/blob/master/pcrdata/PCR-Summary-Part-1.pdf},
  keywords = {addendum}
}

@article{greg_dwyer_density_1994,
  title = {{{DENSITY DEPENDENCE AND SPATIAL STRUCTURE IN THE DYNAMICS OF INSECT PATHOGENS}}},
  author = {GREG DWYER},
  date = {1994},
  journaltitle = {The American Naturalist},
  volume = {143},
  pages = {533-},
  file = {/home/aubrey/Zotero/storage/WZJ6KU4H/GREG DWYER, 1994.pdf},
  number = {4}
}

@report{gressitt_coconut_1953,
  title = {The Coconut Rhinoceros Beetle ({{Oryctes}} Rhinoceros) with Particular Reference to the {{Palau Islands}}},
  author = {Gressitt, Linsley J},
  date = {1953},
  pages = {1--83},
  location = {{Honolulu}},
  url = {https://books.google.com/books?id=OtcZAQAAIAAJ},
  file = {/home/aubrey/Zotero/storage/RV9XAUGD/Gressitt - 1953 - The coconut rhinoceros beetle (Oryctes rhinoceros) with particular reference to the Palau Islands.pdf}
}

@article{gries_aggregation_1994,
  title = {Aggregation Pheromone of the {{African}} Rhinoceros Beetle {{Oryctes}} Monoceros ({{Oliver}}) ({{Coleoptera}}: {{Scarabaeidae}})},
  author = {Gries, G and Gries, R and Perez, A. L. and Oehlschlager, A C and Gonzales, L M and H. D. Pierce, Jr and Zebeyou, M and Kouame, B and Naturforsch, Z},
  date = {1994},
  journaltitle = {Verlag der Zeitschrift fur Naturforschung},
  volume = {49c},
  pages = {363--366},
  url = {http://www.guaminsects.net/CRB/docs/Gries 1994 aggregation pheromone African rhinoceros beetle.pdf},
  file = {/home/aubrey/Zotero/storage/I2EGDAR8/Gries et al. - 1994 - Aggregation pheromone of the African rhinoceros beetle, Oryctes monoceros (Olivier) (Coleoptera Scarabaeidae).pdf},
  number = {5-6}
}

@report{guam_invasive_species_council_2017-2019_2017-1,
  title = {2017-2019 {{Guam Invasive Species Management Plan}}},
  author = {{Guam Invasive Species Council}},
  date = {2017},
  pages = {131},
  url = {https://www.sprep.org/attachments/VirLib/Guam/nissap-2017-2019.pdf},
  file = {/home/aubrey/Zotero/storage/8YN7RRLG/Guam Invasive Species Council - 2017 - 2017-2019 Guam Invasive Species Management Plan.pdf}
}

@book{hajek_use_2009-1,
  title = {Use of {{Microbes}} for {{Control}} and {{Eradication}} of {{Invasive Arthropods}} ({{Progress}} in {{Biological Control}})},
  author = {Hajek, Ann E and Glare, Travis R and OCallaghan, Maureen},
  date = {2009},
  url = {http://guaminsects.net/CRB/docs/Hajek2009.pdf},
  file = {/home/aubrey/Zotero/storage/S9EWMF6T/Hajek et al. - Use of Microbes for Control and Eradication of Inv.pdf},
  langid = {english}
}

@article{hallett_hallett_1995,
  title = {Hallett 1995 Aggregation Pheromone Coconut Rhinoceros Beetle Oryctes.Pdf},
  author = {Hallett, Rebecca H and Perez, A L and Gries, G and Gries, R and H. D. Pierce, Jr and Yue, Junming and Oehlschlager, A C and Gonzales, L M and Borden, John H.},
  date = {1995},
  pages = {1549--1570},
  file = {/home/aubrey/Zotero/storage/SQQJ77VU/Hallett et al. - 1995 - Hallett 1995 aggregation pheromone coconut rhinoceros beetle oryctes.pdf.pdf}
}

@article{hallett_pheromone_1999,
  title = {Pheromone {{Trapping Protocols}} for the {{Asian Palm Weevil}}, {{Rhynchophorus}} Ferrugineus ({{Coleoptera}}: {{Curculionidae}})},
  author = {Hallett, Rebecca H},
  date = {1999},
  journaltitle = {International Journal of Pest Management},
  pages = {231--237},
  url = {http://www.guaminsects.net/CRB/docs/Hallett 1999 Pheromone trapping protocols for the Asian palm weevil, Rhynchophorus ferrugineus.pdf},
  file = {/home/aubrey/Zotero/storage/9DR32R8D/Hallett - 1999 - Pheromone Trapping Protocols for the Asian Palm Weevil, Rhynchophorus ferrugineus (Coleoptera Curculionidae).pdf}
}

@unpublished{hara_efficacy_2017,
  title = {Efficacy of Bifenthrin in Reducing Feeding Damage Caused by Adult Coconut Rhinoceros Beetle ( {{Oryctes}} Rhinoceros) on Coconut Palms in {{Hawai}}`i},
  author = {Hara, A. H. and Manly, M. and Niino-DuPonte, R.},
  date = {2017},
  eventtitle = {Enomological {{Society}} of {{America Pacific Branch Meeting}}},
  file = {/home/aubrey/Zotero/storage/WSB8U9PY/PBESAposterCRB 2017Portland.pdf},
  venue = {{Portland OR}}
}

@article{hassan_effects_1975,
  title = {Effects of High Temperature and Soil Moisture on Survival of First-Instar Larvae of the Scarab {{Anoplognathus}} Porosus ( {{Dalman}} ) ( {{Coleoptera}} )},
  author = {Hassan, S T},
  date = {1975},
  journaltitle = {The Journal of Applied Ecology},
  volume = {12},
  pages = {749--754},
  file = {/home/aubrey/Zotero/storage/GFUQ47F3/Hassan - 1975 - Effects of high temperature and soil moisture on survival of first-instar larvae of the scarab Anoplognathus porosus ( D.pdf},
  number = {3}
}

@article{hinckley_associates_1967,
  title = {Associates of the Coconut Rhinoceros Beetle in {{Western Samoa}}},
  author = {Hinckley, Alden D},
  date = {1967},
  journaltitle = {Pacific Insects},
  volume = {9},
  pages = {505--511},
  url = {http://hbs.bishopmuseum.org/pi/pdf/9(3)-505.pdf},
  number = {3}
}

@article{hinckley_ecology_1973,
  title = {Ecology of the Coconut Rhinoceros Beetle , {{Oryctes}} Rhinoceros ( {{L}} .) ( {{Coleoptera}} : {{Dynastidae}} )},
  author = {Hinckley, A Dexter},
  date = {1973},
  journaltitle = {Biotropica},
  volume = {5},
  pages = {111--116},
  file = {/home/aubrey/Zotero/storage/FF5GXHCF/Hinckley - 1973 - Ecology of the Coconut Rhinoceros Beetle, Oryctes rhinoceros (L.) (Coleoptera Dynastidae).pdf},
  number = {2}
}

@article{hochberg_model_1991,
  title = {A Model for the Biological Control of {{Oryctes}} Rhinoceros({{Coleoptera}}: {{Scarabaeidae}}) by Means of Pathogens.},
  author = {Hochberg, Me and Waage, Jk},
  date = {1991},
  journaltitle = {Journal of applied ecology},
  volume = {28},
  pages = {514--531},
  url = {http://mike.hochberg.free.fr/MEHJap91.pdf},
  file = {/home/aubrey/Zotero/storage/VKU2G6P5/MEHJap91.pdf},
  number = {2}
}

@article{howard_insect_2001,
  title = {Insect Pests of Palms and Their Control},
  author = {Howard, Forrest W},
  date = {2001},
  journaltitle = {Pesticide Outlook},
  volume = {December 2},
  pages = {240--243},
  url = {http://www.guaminsects.net/CRB/docs/Howard 2001 Insect pests of palms and their control.pdf},
  file = {/home/aubrey/Zotero/storage/9WQ5CFKT/Howard - 2001 - Insect pests of palms and their control.pdf}
}

@article{huger_oryctes_2005-1,
  title = {The {{Oryctes}} Virus: {{Its}} Detection, Identification, and Implementation in Biological Control of the Coconut Palm Rhinoceros Beetle, {{Oryctes}} Rhinoceros ({{Coleoptera}}: {{Scarabaeidae}})},
  author = {Huger, Alois M.},
  date = {2005-05},
  journaltitle = {Journal of Invertebrate Pathology},
  volume = {89},
  pages = {78--84},
  doi = {10.1016/j.jip.2005.02.010},
  url = {http://www.guaminsects.net/CRB/docs/Huger2005.pdf},
  file = {/home/aubrey/Zotero/storage/28IIZR7S/huger2005.pdf;/home/aubrey/Zotero/storage/BPS8TGFQ/Huger - 2005 - The Oryctes virus its detection, identification, and implementation in biological control of the coconut palm rhinoceros.pdf;/home/aubrey/Zotero/storage/ZQNTESID/Huger - 2005 - The Oryctes virus Its detection, identification, and implementation in biological control of the coconut palm rhinoceros.pdf},
  keywords = {20th Century,animals,Asia,Autonomous virus dissemination,Baculoviridae,Baculoviridae: classification,Baculoviridae: isolation & purification,Baculoviridae: physiology,Beetles,Beetles: virology,Biological,Biological: history,Classical biological control,Coconut palm rhinoceros beetle,Detection virus disease,History,Long-term virus persistence,Non-occluded insect virus,Oryctes rhinoceros,Pacific Islands,Pathology,pest control,Southeastern,Virus release},
  number = {1}
}

@article{indriyanti_ecological_2018-1,
  title = {Ecological {{Studies}} of {{Oryctes}} Rhinoceros {{Larvae Controlled}} by {{Metarhizium}} Anisopliae and {{Enthomopatogenic Nematodes}}},
  author = {Indriyanti, D. R. and Rahmawati, R. and Priyono, B. and Slamet, M. and Huyop, F. Z.},
  date = {2018-09-21},
  journaltitle = {Jurnal Pendidikan IPA Indonesia},
  volume = {7},
  pages = {286--292},
  issn = {2089-4392},
  doi = {10.15294/jpii.v7i3.14239},
  url = {https://journal.unnes.ac.id/nju/index.php/jpii/article/view/14239},
  urldate = {2019-04-16},
  file = {/home/aubrey/Zotero/storage/C7VJLHAC/Indriyanti et al. - 2018 - Ecological Studies of Oryctes rhinoceros Larvae Co.pdf;/home/aubrey/Zotero/storage/HB482PK3/14239.html},
  keywords = {application of Metarhizium anisopliae,biological control.,Enthomopatogenic Nematodes,Oryctes rhinoceros},
  langid = {english},
  number = {3}
}

@article{indriyanti_effectiveness_2017,
  title = {Effectiveness of {{Metarhizium}} Anisopliae and {{Entomopathogenic Nematodes}} to {{Control Oryctes}} Rhinoceros {{Larvae}} in the {{Rainy Season}}},
  author = {Indriyanti, D. R. and Widiyaningrum, P. and Haryuni and Slamet, M. and Maretta, Y.A.},
  date = {2017},
  journaltitle = {Pakistan Journal of Biological Sciences},
  volume = {20},
  pages = {320--327},
  doi = {10.3923/pjbs.2017.320.327},
  url = {https://scialert.net/abstract/?doi=pjbs.2017.320.327},
  urldate = {2020-02-07},
  file = {/home/aubrey/Zotero/storage/NVNR6SYK/Effectiveness of Metarhizium anisopliae and Entomo.pdf;/home/aubrey/Zotero/storage/X68FGIG3/abstract.html},
  number = {7}
}

@article{j_r_riley_recent_2007,
  title = {{{RECENT APPLICATIONS OF RADAR TO ENTOMOLOGY}}},
  author = {J R Riley, JW Chapman and D R Reynolds, A D Smith},
  date = {2007},
  journaltitle = {Outlooks on Pest Management},
  volume = {18},
  pages = {62--68},
  file = {/home/aubrey/Zotero/storage/V8MXU99F/Rileyetal2006_OutlookPestManag_Review.pdf},
  number = {2}
}

@article{j._f._longworth_use_1980,
  title = {The {{Use}} of an {{Indirect Enzyme}}-Linked {{Irnmunosorbent Assay}} to {{Detect Baculovirus}} in {{Larvae}} and {{Adults}} of {{Oryctes}} Rhinoceros from {{Tonga}}},
  author = {J. F. LONGWORTH, G. P. CAREY},
  date = {1980},
  journaltitle = {J. gen. Virol.},
  volume = {47},
  pages = {431--438},
  file = {/home/aubrey/Zotero/storage/2XSITFM8/J. F. LONGWORTH, G. P. CAREY 1980.pdf}
}

@article{j._r._riley_harmonic_1998,
  title = {Harmonic {{Radar}} as a {{Means}} of {{Tracking}} the {{Pheromone}}-{{Finding}} and {{Pheromone}}-{{Following Flight}} of {{Male Moths}}},
  author = {J. R. Riley, P. Valeur and A. D. Smith, D. R. Reynolds and G. M. Poppy, C. Lofstedt},
  date = {1998},
  journaltitle = {Journal of Insect Behavior},
  volume = {11},
  pages = {287--295},
  file = {/home/aubrey/Zotero/storage/BM6CPVV8/RileyValeuretal1998_JIB_trackingAsegetum.pdf},
  number = {2}
}

@article{jackson_need_2015,
  title = {Need for Emergency Response for a New Variant of Rhinoceros Beetle ({{Guam}} Biotype)},
  author = {Jackson, Trevor A},
  date = {2015},
  journaltitle = {International Association for the Plant Protection Sciences Newsletter},
  url = {https://www.plantprotection.org/portals/0/documents/newsletters/2015/iapps%2011-2015.pdf},
  file = {/home/aubrey/Zotero/storage/MQ7UWUWA/IAPPS 11-2015(10).pdf},
  number = {XI}
}

@article{jackson_scarabs_2006,
  title = {Scarabs as Pests: A Continuing Problem},
  author = {Jackson, Trevor A and Klein, Michael G.},
  date = {2006},
  journaltitle = {Coleopterists Socity Monographs},
  volume = {5},
  pages = {102--119},
  url = {http://www.guaminsects.net/CRB/docs/Jackson 2006 Scarabs as pests - A continuing problem.pdf},
  file = {/home/aubrey/Zotero/storage/E3WW6WE8/Jackson, Klein - 2006 - Scarabs as pests a continuing problem.pdf}
}

@incollection{jackson_use_2009-1,
  title = {The {{Use}} of {{Oryctes Virus}} for {{Control}} of {{Rhinoceros Beetle}} in the {{Pacific Islands}}},
  booktitle = {Use of {{Microbes}} for {{Control}} and {{Eradication}} of {{Invasive Arthropods A}}.{{E}}. {{Hajak}} et al. [Eds.]},
  author = {Jackson, Trevor A},
  editor = {Hajek, Anne E. and Glare, T R and O'Callaghan, Maureen},
  date = {2009},
  volume = {6},
  pages = {133--140},
  url = {http://guaminsects.net/CRB/docs/Jackson2009.pdf},
  file = {/home/aubrey/Zotero/storage/YBVU5R9F/Jackson2009.pdf},
  series = {Progress in {{Biological Control}}}
}

@article{jacob_influence_1989,
  title = {Influence of Methoprene on the Male Reproductive System of {{Oryctes}} Rhinoceros ({{Coleoptera}}: {{Scarabaeidae}})},
  author = {Jacob, M},
  date = {1989},
  journaltitle = {Current Science},
  volume = {58},
  pages = {469--471}
}

@article{jeffreyt_morisette14_stanleyw_burgiel2_and_keithd_gaddis_overview_2020-1,
  title = {Overview of a {{Special Issue}} on {{Advanced Genetic Analysis}} of {{Invasive Arthropod Species}}},
  author = {Jeffrey T. Morisette,1,4 Stanley W. Burgiel,2 {and} Keith D. Gaddis},
  date = {2020},
  journaltitle = {Annals of the Entomological Society of America},
  volume = {20},
  pages = {1--5},
  file = {/home/aubrey/Zotero/storage/78S2BG96/Advanced genetic analysis invasive speces.pdf},
  number = {10}
}

@article{julia_resrearch_1976,
  title = {Research on {{Oryctes}} Monoceros {{Ol}}. in {{Ivory Coast III}}. {{Olfactory}} Trapping with Ethyl Chrysanthemate},
  author = {Julia, J F and Mariau, D},
  date = {1976},
  journaltitle = {Oleagineux},
  volume = {31},
  pages = {263--272},
  file = {/home/aubrey/Zotero/storage/9HWHMGBF/Julia, Mariau - 1976 - Resrearch on Oryctes monoceros Ol. in Ivory Coast III. Olfactory trapping with ethyl chrysanthemate.pdf},
  number = {6}
}

@article{jung-wook_kho_evaluating_2019,
  title = {Evaluating the Efficacy of Two Insect Detection Methods with {{Riptortus}} Pedestris ({{Hemiptera}}: {{Alydidae}}): Portable Harmonic Radar System and Fluorescent Marking System},
  author = {Jung-Wook Kho, Minhyung Jung and Doo-Hyung Lee},
  date = {2019},
  journaltitle = {Pest Manag Sci},
  volume = {75},
  pages = {224--233},
  file = {/home/aubrey/Zotero/storage/3ZEZFM87/Evaulating the efficacy of two insecr detection methods.pdf}
}

@article{kalidas_effect_2004,
  title = {Effect of Abiotic Factors on the Efficiency of Rhinoceros Beetle Pheromone, {{Oryctalure}}, in the Oil Palm Growing Areas of {{Andhra Pradesh}}},
  author = {Kalidas, P},
  date = {2004},
  journaltitle = {The Planter},
  volume = {80},
  pages = {103--115},
  file = {/home/aubrey/Zotero/storage/XM93ZANJ/Kalidas - 2004 - Effect of abiotic factors on the efficiency of rhinoceros beetle pheromone, Oryctalure, in the oil palm growing areas o.pdf},
  number = {935}
}

@article{kamarudin_immigration_2004-1,
  title = {Immigration and Activity of {{Oryctes}} Rhinoceros within a Small Oil Palm Replanting Area},
  author = {Kamarudin, Norman and Washid, Mohd B},
  date = {2004},
  journaltitle = {Journal of Oil Palm Research},
  volume = {16},
  pages = {64--77},
  url = {http://palmoilis.mpob.gov.my/publications/joprv16n2-norman.pdf},
  file = {/home/aubrey/Zotero/storage/NJW4I9SH/Kamarudin, Washid - 2004 - Immigration and activity of textit Oryctes rhinoceros within a small oil palm replanting area.pdf},
  number = {2}
}

@report{kameoka_survey_2004,
  title = {A Survey of the Rhinoceros Beetle and Stag Beetle Market in Japan},
  author = {Kameoka, S. and Kiyono, H.},
  date = {2004},
  institution = {{TRAFFIC East Asia - Japan}},
  file = {/home/aubrey/Zotero/storage/YIUBMXQ5/亀岡 and 清野 - 2004 - カブトムシとクワガタムシの市場調查 a traffic East Asia report.pdf},
  langid = {japanese}
}

@article{kayvan_etebari1_matan_shelomi_2and_michael_j_furlon_identification_2020,
  title = {Identification of a {{Novel Picorna}}-like {{Virus}} in {{Coconut Rhinoceros Beetles}} ({{Oryctes}} Rhinoceros).},
  author = {Kayvan Etebari1*, Matan Shelomi 2and Michael J. Furlon},
  date = {2020},
  journaltitle = {bioRxiv preprint},
  file = {/home/aubrey/Zotero/storage/5A9HDZ2H/2020.04.15.042309.full Picorna virus.pdf}
}

@report{kenis_guide_2019-1,
  title = {Guide to the Classical Biological Control of Insect Pests in Planted and Natural Forests},
  author = {Kenis, Marc and Hurley, Brett and Colombari, Fernanda and Lawson, Simon and Sun, Jianghua and Wilcken, Carlos and Weeks, Ronald and Sathyapala, Shiroma},
  date = {2019},
  institution = {{FAO}},
  location = {{Rome}},
  url = {http://www.fao.org/3/ca3677en/CA3677EN.pdf},
  urldate = {2019-04-09},
  file = {/home/aubrey/Zotero/storage/ZAWBTM9P/CA3677EN.pdf},
  number = {182}
}

@article{khudri_infectivity_2016,
  title = {Infectivity of {{Oryctes}} Nudivirus Produced on Cell Culture {{DSIR HA}}-1179 against Larvae and Its Effects on Feeding of Neonates of Rhinoceros Beetle,  {{Oryctes}} Rhinoceros},
  author = {Khudri, Nur Ain Farhah Ros Saidon and Azmi, Wahizatul Afzan and Moslim, Ramle and Kamarudin, Norman and Ali, Siti Ramlah Ahmad},
  date = {2016-09},
  journaltitle = {Journal of Oil Palm Research},
  volume = {28},
  pages = {256--265},
  url = {https://www.researchgate.net/publication/308329950_INFECTIVITY_OF_Oryctes_NUDIVIRUS_PRODUCED_ON_CELL_CULTURE_DSIR_HA-1179_AGAINST_LARVAE_AND_ITS_EFFECTS_ON_FEEDING_OF_NEONATES_OF_RHINOCEROS_BEETLE_Oryctes_rhinoceros},
  urldate = {2020-05-17},
  file = {/home/aubrey/Zotero/storage/UUAE9J2L/INFECTIVITY OF Oryctes NUDIVIRUS PRODUCED ON CELL .pdf},
  langid = {english},
  number = {3}
}

@article{kinawy_m.m._control_1987,
  title = {Control of Coconut Rhinoceros Beetle {{Oryctes Rhinoceros L}}.({{Scarabidae}}: {{Coleoptera}}) in {{South Oman}}},
  author = {Kinawy, M.M.},
  date = {1987},
  journaltitle = {Bulletin of Faculty of Agriculture},
  volume = {FAO (Ministry of Agriculture, Cairo (Egypt). Plant Protection Research Inst.)}
}

@article{latch_studies_1976,
  title = {Studies on the Susceptibility of {{Oryctes}} Rhinoceros to Some Entomogenous Fungi},
  author = {Latch, G. C. M.},
  date = {1976},
  journaltitle = {Entomophaga},
  volume = {21},
  pages = {31--38},
  file = {/home/aubrey/Zotero/storage/DSVRFRFM/Latch - 1976 - Studies on the susceptibility of Oryctes rhinoceros to some entomogenous fungi.pdf},
  number = {1}
}

@article{latch_studies_1976-1,
  title = {Studies on the Use of {{Metarhizium}} Anisopliae to Control {{Oryctes}} Rhinoceros},
  author = {Latch, G. C. M. and Falloon, R. E.},
  date = {1976},
  journaltitle = {Entomophaga},
  volume = {21},
  file = {/home/aubrey/Zotero/storage/4UN4VJSK/Latch, Falloon - 1976 - Studies on the use of Metarhizium anisopliae to control Oryctes rhinoceros.pdf},
  number = {I}
}

@article{laurence_beaudoin-ollivier_flight_2003,
  title = {Flight Movement of {{Scapanes}} Australis Australis({{Boisduval}}) ({{Coleoptera}}: {{Scarabaeidae}}: {{Dynastinae}}) in {{Papua New Guinea}}: A Radiotelemetry Study},
  author = {Laurence Beaudoin-Ollivier, Frank Bonaccorso and Michael Aloysius, Mathew Kasiki},
  date = {2003},
  journaltitle = {Australian J. Entomology},
  volume = {42},
  pages = {367--372},
  file = {/home/aubrey/Zotero/storage/M64F22BT/Beaudoin-ollivieretal.2003_Radiotelemtrie_Scapanes (1).pdf}
}

@article{leal_chemical_1998,
  title = {Chemical {{Ecology}} of {{Phytophagous Scarab Beetles}}},
  author = {Leal, Walter Soares},
  date = {1998},
  journaltitle = {Annual Reviews Entomology},
  volume = {43},
  pages = {39--61},
  url = {http://www.guaminsects.net/CRB/docs/Leal 1998 chem ecol phytophagous scarab beetles.pdf},
  file = {/home/aubrey/Zotero/storage/DAMZ4435/Leal - 1998 - Chemical Ecology of Phytophagous Scarab Beetles.pdf}
}

@article{lee_establishment_2019-1,
  title = {Establishment of a Loop-Mediated Isothermal Amplification System for on-Site Diagnosis of {{Oryctes}} Rhinoceros Nudivirus in {{Allomyrina}} Dichotoma ({{Coleoptera}}: {{Scarabaeidae}})},
  shorttitle = {Establishment of a Loop-Mediated Isothermal Amplification System for on-Site Diagnosis of {{Oryctes}} Rhinoceros Nudivirus in {{Allomyrina}} Dichotoma ({{Coleoptera}}},
  author = {Lee, Seokhyun and Lee, Heesam and Park, Kwanho},
  date = {2019},
  journaltitle = {Entomological Research},
  volume = {49},
  pages = {297--304},
  issn = {1748-5967},
  doi = {10.1111/1748-5967.12362},
  url = {https://onlinelibrary.wiley.com/doi/abs/10.1111/1748-5967.12362},
  urldate = {2019-09-13},
  file = {/home/aubrey/Zotero/storage/WQHJ6VXP/Lee et al. - 2019 - Establishment of a loop-mediated isothermal amplif.html},
  keywords = {diagnostics,disease,Korean horn beetles,loop-mediated isothermal amplification,OrNV},
  langid = {english},
  number = {7}
}

@report{lewis_insights_nodate,
  title = {Insights from {{Applying Systemic Pesticide}} to {{Trees}} for {{APHIS Asian Longhorned Beetle}}},
  author = {Lewis, Phillip A.},
  file = {/home/aubrey/Zotero/storage/T8KMIWVK/Lewis - Unknown - Insights from Applying Systemic Pesticide to Trees for APHIS Asian Longhorned Beetle.pdf}
}

@online{limtiaco_coconut_2020,
  title = {'{{Coconut}} Trees Are Coming Back'; {{UOG}} Official Says Overall Tree Population Is Recovering},
  author = {Limtiaco, Steve},
  date = {2020-03-23},
  journaltitle = {Pacific Daily News},
  url = {https://www.guampdn.com/story/news/2020/03/22/guam-coconut-tree-population-coconut-rhinoceros-beetle-uog/4971012002/},
  urldate = {2020-03-23},
  file = {/home/aubrey/Zotero/storage/9ARMPBT7/4971012002.html},
  langid = {english}
}

@article{lloyd_coconut_2020,
  title = {Coconut {{Rhinoceros}} Beetle Research on {{Guam}} Leading toward Control of Major {{Pacific}} Pest},
  author = {Lloyd, Bruce},
  date = {2020-05-28},
  journaltitle = {Pacific Daily News},
  url = {https://www.guampdn.com/story/news/2020/05/28/coconut-rhinoceros-beetle-research-guam-seeks-control-pest/5263806002/},
  urldate = {2020-05-28},
  entrysubtype = {newspaper},
  langid = {english}
}

@article{lomer_c._j_release_1986,
  title = {Release of {{Baculovirus}} Oryctes into {{Oryctes}} Monoceros in the {{Seychelles}}},
  author = {{Lomer C. J}},
  date = {1986},
  journaltitle = {Journal of Invertebrate Pathology},
  volume = {47},
  pages = {237--246},
  file = {/home/aubrey/Zotero/storage/C9SGIITF/Lomer C. J - 1986 - Release of Baculovirus oryctes into Oryctes monoceros in the Seychelles.pdf}
}

@article{luqman_h._a_diversity_2018,
  title = {{{DIVERSITY AND COMPOSITION OF BEETLES}} ({{ORDER}}: {{COLEOPTERA}}) {{IN THREE DIFFERENT AGES OF OIL PALMS IN LEKIR OIL PALM PLANTATION}}, {{PERAK}}, {{MALAYSIA}}},
  author = {Luqman H. A, Noor Nasuha A. A. and Dzulhelmi M. N., Nurul Fatihah A. L. and Muhamad Fahmi M. H., Teo T. M. and Idris. A. B., Izfa Riza H},
  date = {2018},
  journaltitle = {Serangga},
  volume = {23},
  pages = {58--71},
  file = {/home/aubrey/Zotero/storage/GUKTB3CD/Luqman H. A, et al. 2018.pdf},
  number = {1}
}

@article{m._e._oneal_tracking_2004,
  title = {Tracking {{Insects}} with {{Harmonic Radar}}: A {{Case Study}}},
  author = {M. E. O'Neal, D. A. Landis and E. Rothwell, L. Kempel and D. Reinhard},
  date = {2004},
  journaltitle = {American Entomologist},
  volume = {50},
  pages = {212--218},
  file = {/home/aubrey/Zotero/storage/BRRPJ32V/Tracking insects with harmonic radar.pdf},
  number = {4}
}

@article{manjeri_genetic_2011,
  title = {Genetic Variation Studies in {{Oryctes}} Rhinoceros ( {{L}} .) ( {{Coleoptera}} : {{Scarabaeidae}} ) from Oil Palm Plantations Using Random Amplified Microsatellite ( {{RAMs}} ) Markers},
  author = {Manjeri, G and Muhamad, R and Faridah, Q Z and Tan, S G},
  date = {2011},
  journaltitle = {African Journal of Biotechnology},
  volume = {10},
  pages = {2611--2617},
  doi = {10.5897/AJB10.1537},
  file = {/home/aubrey/Zotero/storage/CXE64TT7/Manjeri 2011.pdf;/home/aubrey/Zotero/storage/ZQFTX65K/Manjeri et al. - 2011 - Genetic variation studies in Oryctes rhinoceros ( L .) ( Coleoptera Scarabaeidae ) from oil palm plantations us.pdf},
  keywords = {genetic variation,Oryctes rhinoceros,rams},
  number = {14}
}

@article{manjeri_morphometric_2013,
  title = {{{MORPHOMETRIC ANALYSIS OF ORYCTES RHINOCEROS}} ({{L}}.) ({{COLEOPTERA}}: {{SCARABAEIDAE}}) {{FROM OIL PALM PLANTATIONS}}},
  author = {Manjeri, G and Muhamad, R and Faridah, Q Z and Tan, S G},
  date = {2013},
  journaltitle = {The Coleopterists Bulletin,},
  volume = {67},
  pages = {194--200},
  file = {/home/aubrey/Zotero/storage/2EZGHINP/Morphometric_Analysis_of_Oryctes_rhinoce.pdf},
  number = {2}
}

@article{mankin_acoustic_2010-2,
  title = {Acoustic {{Detection}} of {{Oryctes}} Rhinoceros ({{Coleoptera}}: {{Scarabaeidae}}: {{Dynastinae}}) and {{Nasutitermes}} Luzonicus ({{Isoptera}}: {{Termitidae}}) in {{Palm Trees}} in {{Urban Guam}}},
  author = {Mankin, R W and Moore, Aubrey},
  date = {2010},
  journaltitle = {Journal of Economic Entomology},
  volume = {103},
  pages = {1135--1143},
  doi = {10.1603/EC09214},
  url = {http://www.ingentaconnect.com/content/esa/jee/2010/00000103/00000004/art00014},
  file = {/home/aubrey/Zotero/storage/GMREDHA6/mankin2010.pdf},
  number = {4}
}

@book{mariau_fauna_2001,
  title = {The {{Fauna}} of {{Oil Palm}} and {{Coconut}}: {{Insect}} and {{Mites Pests}} and {{Their Natural Enemies}}},
  shorttitle = {The {{Fauna}} of {{Oil Palm}} and {{Coconut}}},
  author = {Mariau, Dominique},
  date = {2001},
  publisher = {{Editions Quae}},
  eprint = {6Zj1DEKnXc0C},
  eprinttype = {googlebooks},
  isbn = {978-2-87614-478-1},
  langid = {english},
  pagetotal = {268}
}

@article{marler_burrowing_2020-1,
  title = {Burrowing Activity of Coconut Rhinoceros Beetle on {{Guam}} Cycads},
  author = {Marler, Thomas E. and Matanane, Frankie C. and Terry, L. Irene},
  date = {2020-01-01},
  journaltitle = {Communicative \& Integrative Biology},
  volume = {13},
  pages = {74--83},
  publisher = {{Taylor \& Francis}},
  issn = {null},
  doi = {10.1080/19420889.2020.1774310},
  url = {https://doi.org/10.1080/19420889.2020.1774310},
  urldate = {2020-06-14},
  file = {/home/aubrey/Zotero/storage/PX6JIMVB/Marler et al. - 2020 - Burrowing activity of coconut rhinoceros beetle on.pdf;/home/aubrey/Zotero/storage/XQQW3DTT/19420889.2020.html},
  keywords = {Adaptive radiation,CRB,Cycas micronesica,ecological fitting hypothesis,host shift,Oryctes rhinoceros,starch},
  number = {1}
}

@article{marschall_effect_1982,
  title = {The {{Effect}} of {{Re}}-Release of {{Oryctes}} in the {{Biological Control}} of {{Rhinoceros}} Rhinoceros {{Baculovirus Beetles}} in {{Western Samoa}} '},
  author = {Marschall, K J and Ioane, I},
  date = {1982},
  journaltitle = {Journal of Invertebrate Pathology},
  volume = {39},
  pages = {267--276},
  file = {/home/aubrey/Zotero/storage/EKF5FVQF/Marschall, Ioane - 1982 - The Effect of Re-release of Oryctes in the Biological Control of Rhinoceros rhinoceros Baculovirus Beetles i.pdf}
}

@unpublished{marshall_challenge_2019,
  title = {The Challenge of Coconut Rhinoceros Beetle ({{Oryctes}} Rhinoceros) to Palm Production and Prospects for Control in a Changing World},
  author = {Marshall, Sean David Goldie},
  date = {2019-11-11},
  editora = {Moore, Aubrey},
  editoratype = {collaborator},
  eventtitle = {{{XIX International Plant Protection Congress}}},
  venue = {{Hyderabad, India}}
}

@article{marshall_dna_2014,
  title = {{{DNA}} Analysis of {{Hawaii CRB}}},
  author = {Marshall, Sean and Moore, Aubrey},
  date = {2014},
  url = {http://guaminsects.net/anr/sites/default/files/CRB2014-02-12.pdf}
}

@article{marshall_hawaii_2014,
  title = {Hawaii Beetle Dissections},
  author = {Marshall, Sean and Moore, Aubrey},
  date = {2014},
  url = {http://guaminsects.net/anr/sites/default/files/CRB2014-01-17A.pdf}
}

@inproceedings{marshall_new_2015,
  title = {A New Invasive Biotype of the Coconut Rhinoceros Beetle ({{Oryctes}} Rhinoceros) Has Escaped from Biocontrol by {{Oryctes}} Rhinoceros Nudivirus},
  booktitle = {International {{Congress}} on {{Invertebrate Pathology}} and {{Microbial Control}} and the 48th {{Annual Meeting}} of the {{Society}} for {{Invertebrate Pathology}}},
  author = {Marshall, Sean David Goldie and Vaqalo, Maclean and Moore, Aubrey and Quitugua, Roland and Jackson, Trevor A},
  date = {2015},
  url = {http://www.sipmeeting.org/van1/SIP2015-Full Program.pdf}
}

@article{marshall_new_2015-1,
  title = {A {{New Coconut Rhinoceros Beetle Biotype Threatens Coconut}} and {{Oil Palms}} in {{Southeast Asia}} and the {{Pacific}}},
  author = {Marshall, Sean D G and Zealand, New and Moore, Aubrey and Zealand, Agresearch New and Moore, Aubrey and Zealand, New and Moore, Aubrey},
  date = {2015},
  pages = {1--2},
  issn = {0434554690941},
  file = {/home/aubrey/Zotero/storage/7K46E2UR/coconut-rhinoceros-beetle.pdf;/home/aubrey/Zotero/storage/CTC5Z2D2/coconut-rhinoceros-beetle(2).pdf;/home/aubrey/Zotero/storage/J3JS5AZB/Whitepaper CRB-G invasivbe pest DO comments.pdf;/home/aubrey/Zotero/storage/UXAR9JWE/coconut-rhinoceros-beetle(1).pdf}
}

@article{marshall_new_2017-1,
  title = {A New Haplotype of the Coconut Rhinoceros Beetle, {{{\emph{Oryctes}}}}{\emph{ Rhinoceros}}, Has Escaped Biological Control by {{{\emph{Oryctes}}}}{\emph{ Rhinoceros}} Nudivirus and Is Invading {{Pacific Islands}}},
  author = {Marshall, Sean D. G. and Moore, Aubrey and Vaqalo, Maclean and Noble, Alasdair and Jackson, Trevor A.},
  date = {2017-10-01},
  journaltitle = {Journal of Invertebrate Pathology},
  shortjournal = {Journal of Invertebrate Pathology},
  volume = {149},
  pages = {127--134},
  issn = {0022-2011},
  doi = {10.1016/j.jip.2017.07.006},
  url = {http://www.sciencedirect.com/science/article/pii/S0022201117300289},
  urldate = {2017-08-26},
  file = {/home/aubrey/Zotero/storage/XW6A4HWJ/Marshall et al. - 2017 - A new haplotype of the coconut rhinoceros beetle, .pdf;/home/aubrey/Zotero/storage/FXUL5HUY/S0022201117300289.html},
  keywords = {biocontrol,McIntire-Stennis final report 2019,nudivirus,outbreak,population,publication2017,tolerance}
}

@unpublished{marshall_oryctes_2014,
  title = {Oryctes Rhinoceros Population Diversity and Potential Implications for Control Using {{Oryctes}} Nudivirus},
  author = {Marshall, Sean and Moore, Aubrey and Campbell, Russell and Quitugua, Roland and Jackson, Trevor},
  date = {2014-08},
  url = {http://www.sipweb.org/docs/Program%20and%20Abstracts%202014.pdf},
  eventtitle = {47th {{Annual Meeting}} of the {{Society}} for {{Invertebrate Pathology}} and {{International Congress}} on {{Invertebrate Pathology}} and {{Microbial Control}}},
  venue = {{Mainz, Germany}}
}

@unpublished{marshall_protocol_2018,
  title = {Protocol to Assess Results from {{CRB}} Assays},
  author = {Marshall, Sean David Goldie},
  date = {2018},
  eventtitle = {Annual {{Meeting}} of the {{Society}} for {{Invertebrate Pathology}}},
  venue = {{Gold Coast, Australia}}
}

@inproceedings{max_blake_dna_2014,
  title = {{{DNA}} Isolation from Single Pieces of Beetle Frass: A Resource for Conservation Genetic Studies of {{Gnorimus}} Nobilis},
  author = {Max Blake, Niall J McKeown and Paul W Shaw},
  date = {2014},
  eventtitle = {S23: {{Conservation}} Ecology of {{European}} Saproxylic Insects},
  file = {/home/aubrey/Zotero/storage/INVGR69J/Blakeetal.DNAExtractionfromBeetleFrass.pdf}
}

@article{mccullough_using_2013,
  title = {Using {{Radio Telemetry}} to {{Assess Movement Patterns}} in a {{Giant Rhinoceros Beetle}}: {{Are There Differences Among Majors}}, {{Minors}}, and {{Females}}?},
  author = {McCullough, Erin L.},
  date = {2013},
  journaltitle = {Journal of Insect Behavior},
  volume = {26},
  pages = {51--56},
  issn = {1090501293},
  doi = {10.1007/s10905-012-9334-8},
  url = {http://dx.doi.org/10.1007/s10905-012-9334-8},
  file = {/home/aubrey/Zotero/storage/PCPMTTMB/McCullough 2013-2.pdf},
  keywords = {male dimorphism,movement,radio telemetry,Trypoxylus dichotomus},
  number = {1}
}

@article{megan_manley_oviposition_2018,
  title = {Oviposition {{Preferences}} and {{Behavior}} of {{Wild}}-{{Caught}} and {{Laboratory}}-{{Reared Coconut Rhinoceros Beetle}}, {{Oryctes}} Rhinoceros ({{Coleoptera}}: {{Scarabaeidae}}), in {{Relation}} to {{Substrate Particle Size}}},
  author = {Manley, Megan and Melzer, Michael J. and Spafford, Helen},
  date = {2018},
  journaltitle = {Insects},
  volume = {9},
  pages = {141},
  file = {/home/aubrey/Zotero/storage/RHVETQMT/insects-09-00141.pdf}
}

@article{meyer_draft_2016,
  title = {Draft Genome of the Scarab Beetle {{Oryctes}} Borbonicus on {{La Reunion Island}}},
  author = {Meyer, Jan M. and Markov, Gabriel V. and Baskaran, Praveen and Herrmann, Matthias and Sommer, Ralf J. and Rodelsperger, Christian},
  date = {2016},
  journaltitle = {Genome Biology Evolution},
  volume = {8},
  pages = {2093--2105},
  file = {/home/aubrey/Zotero/storage/XXAP3RED/Meyer, J. M. et al 2016 Draft genome.pdf},
  number = {7}
}

@article{miller_dose-dependent_2005,
  title = {Dose-{{Dependent Pheromone Responses}} of {{Mountain Pine Beetle}} in {{Stands}} of {{Lodgepole Pine}}},
  author = {Miller, Daniel R and Lindgren, B Staffan},
  date = {2005},
  volume = {14},
  file = {/home/aubrey/Zotero/storage/4I9WQT7E/Miller, Lindgren - 2005 - Dose-Dependent Pheromone Responses of Mountain Pine Beetle in Stands of Lodgepole Pine.pdf},
  issue = {Table 1},
  keywords = {beetle,breeds in the,cleridae,Coleoptera,dendroctonus ponderosae,exo-brevicomin,hopkins,lodgepole pine,phloem tissue of mature,pinus contorta,scolytidae,t he mountain pine,verbenols}
}

@article{mini_stridulation_1990-1,
  title = {Stridulation in the Coconut Rhinoceros Beetle {{Oryctes}} Rhinoceros ({{Coleoptera}}: {{Scarabaeidae}})},
  author = {Mini, A and Prabhu, V K K},
  date = {1990},
  journaltitle = {Proceedings of the Indian Academy of Sciences},
  volume = {99},
  pages = {447--455},
  url = {http://www.guaminsects.net/doc/oryctes/Mini\{&\}Prabhu1990.pdf},
  file = {/home/aubrey/Zotero/storage/JFC5BXZN/Mini, Prabhu - 1990 - Stridulation in the coconut rhinoceros beetle textit Oryctes rhinoceros (Coleoptera Scarabaeidae).pdf},
  number = {6}
}

@article{mohan_characterization_1992,
  title = {Characterization of the Genome of {{Oryctes}} Baculovirus, a Viral Biocide of the Insect Pest {{Oryctes}} Rhinoceros},
  author = {Mohan, K S and Gopinathan, K P},
  date = {1992},
  journaltitle = {J. Biosci.,},
  volume = {17},
  pages = {421--430},
  file = {/home/aubrey/Zotero/storage/V64UP73S/Mohan, K. S. and Gopinathan, K.P. 1992.pdf},
  number = {4}
}

@article{mohan_diagnosis_1985,
  title = {Diagnosis of Baculovirus Infection in Coconut Rhinoceros Beetles by Examination of Excreta},
  author = {Mohan, K. S. and Jayapal, S. P. and Pillai, G. B.},
  date = {1985},
  journaltitle = {Journal of Plant Disease and Protection},
  volume = {93},
  pages = {379--383},
  file = {/home/aubrey/Zotero/storage/K3VARZMN/Mohan,K.S. et al 1985.pdf},
  number = {4}
}

@article{mohan_k._biotoxicity_2013,
  title = {Biotoxicity Assay of Neem ({{Azadirachta}} Indica) Products and Distillery Effluent on the Third Instar Larvae of Coconut {{Rhinoceros}} Beetle {{Oryctes}} Rhinoceros.},
  author = {Mohan, K. and Padmanaban, A. M.},
  date = {2013},
  journaltitle = {International Journal of Pharma and Bio Sciences},
  volume = {4},
  pages = {102--110},
  number = {4}
}

@article{mohan_k._s._persistence_1991,
  title = {Persistence of {{Oryctes}} Baculovirus in Organic Matter},
  author = {Mohan, K. S.},
  date = {1991},
  journaltitle = {L Biological Control},
  volume = {5},
  pages = {28--31},
  file = {/home/aubrey/Zotero/storage/BKTVRIPU/15267-15912-1-PB (1).pdf},
  number = {1}
}

@article{mohan_quantitation_1989,
  title = {Quantitation of Serological Cross-Reactivity between Two Geographical Isolates of {{Oryctes}} Baculovirus by a Modified {{ELISA}}.},
  author = {Mohan, K S and Gopinathan, K P},
  date = {1989},
  journaltitle = {Journal of virological methods},
  volume = {24},
  pages = {203--13},
  eprint = {2760162},
  eprinttype = {pubmed},
  file = {/home/aubrey/Zotero/storage/6ZNMUP6I/Mohan, Gopinathan - 1989 - Quantitation of serological cross-reactivity between two geographical isolates of Oryctes baculovirus by a mo.pdf},
  keywords = {animals,Antigenic Variation,Antigens; Viral,Antigens; Viral: immunology,Beetles,Beetles: microbiology,Cross Reactions,Enzyme-Linked Immunosorbent Assay,Enzyme-Linked Immunosorbent Assay: methods,insect viruses,Insect Viruses: immunology,Insect Viruses: isolation & purification,Species Specificity,Viral Proteins,Viral Proteins: immunology},
  number = {1-2}
}

@article{monty_j._teratological_1974,
  title = {Teratological Effects of the Virus {{Rhabdionvirus}} Oryctes on {{Oryctes}} Rhinoceros ({{L}}.) ({{Coleoptera}}, {{Dynastidae}})},
  author = {Monty, J.},
  date = {1974},
  journaltitle = {Bulletin of entomological research},
  volume = {64},
  pages = {633--636},
  number = {4}
}

@unpublished{moore_2019_2019-1,
  title = {2019 {{Forest Service Review}} of {{University}} of {{Guam Projects}}},
  author = {Moore, Aubrey},
  date = {2019-03},
  url = {https://github.com/aubreymoore/2019-Forest-Service-Review/raw/master/2019%20Forest%20Service%20Review.pdf},
  venue = {{University of Guam}}
}

@article{moore_adding_2014,
  title = {Adding {{CRB Breeding Site Material}} to {{Barrel Traps Does Not Increase Trap Catch}}},
  author = {Moore, Aubrey and Quitugua, Roland},
  date = {2014},
  pages = {1--4},
  url = {http://guaminsects.net/anr/sites/default/files/barrelSubstrate.pdf},
  file = {/home/aubrey/Zotero/storage/VAR84XKJ/barrelSubstrate(3).pdf},
  keywords = {cfes2015,crbtechreport}
}

@online{moore_additional_2019,
  title = {Additional {{Documentation}} in {{Support}} of a {{Permit Application}} for {{Importation}} of {{Live Coconut Rhinoceros Beetles}} to {{Guam}}},
  author = {Moore, Aubrey},
  date = {2019-06-02},
  url = {https://github.com/aubreymoore/CRB-Import-Permit/blob/master/CRB-import-permit-request-additional.pdf}
}

@online{moore_animated_2019,
  title = {Animated {{Map}} of {{Coconut Rhinocero Beetle Pheromone Trap Catches}} on {{Guam}}},
  author = {Moore, Aubrey},
  date = {2019},
  url = {https://www.youtube.com/watch?v=DtBkEOsdGRE},
  urldate = {2019-11-09}
}

@article{moore_aphis_2014,
  title = {{{APHIS}} Biocontrol Semiannual Report},
  author = {Moore, Aubrey},
  date = {2014},
  url = {http://guaminsects.net/anr/sites/default/files/CRB2014-05-04_0.pdf},
  keywords = {cfes2015,crbtechreport}
}

@article{moore_assessment_2007,
  title = {Assessment of the {{Rhinoceros Beetle Infestation}} on {{Guam}}},
  author = {Moore, Aubrey},
  date = {2007},
  url = {http://www.guaminsects.net/CRB/docs/Moore 2007 Assessment of the Rhinoceros Beetle Infestation on Guam.doc}
}

@inproceedings{moore_attempted_2008-2,
  title = {Attempted Eradication of the Coconut Rhinoceros Beetle, {{Oryctes}} Rhinoceros, ({{Scarabaeidae}}), a Recently Arrived Invasive Species on {{Guam}}},
  booktitle = {Entomological {{Society}} of {{America Annual Meeting}}},
  author = {Moore, Aubrey},
  date = {2008}
}

@unpublished{moore_attempted_2018-1,
  title = {Attempted Microbial Control of Coconut Rhinoceros Beetle, {{{\emph{Oryctes}}}}{\emph{ Rhinoceros}}, Biotype {{G}} on {{Guam}} Using {{{\emph{Oryctes}}}}{\emph{ Rhinoceros}} Nudivirus and {{{\emph{Metarhizium}}}}{\emph{ Majus}}},
  author = {Moore, Aubrey and Marshall, Sean D G and Quitugua, Roland and Iriarte, Ian R.},
  date = {2018-09-13},
  url = {https://github.com/aubreymoore/SIP2018},
  eventtitle = {51st {{Annual Meeting}} of the {{Society}} for {{Invertebrate Pathology}} and {{International Congress}} on {{Invertebrate Pathology}} and {{Microbial Control}}},
  file = {/home/aubrey/Zotero/storage/R9KTHDZP/Aubrey SIP2018.ppt},
  keywords = {presentation2018},
  venue = {{Gold Coast, Australia}}
}

@article{moore_best_2015,
  title = {Best {{Way}} to {{Access Data}} in the {{Guam Coconut Rhinoceros Project Database}}},
  author = {Moore, Aubrey},
  date = {2015},
  url = {http://nbviewer.ipython.org/url/guaminsects.net/anr/sites/default/files/bestWaySQL.ipynb},
  keywords = {cfes2015,crbtechreport}
}

@report{moore_bioassay_2019,
  title = {Bioassay {{Report}}: {{DUG42}}},
  author = {Moore, Aubrey and Grasela, James J.},
  date = {2019},
  institution = {{University of Guam}},
  url = {https://github.com/aubreymoore/rearing3/raw/master/bioassay-DUG42.pdf}
}

@report{moore_bioassay_2019-1,
  title = {Bioassay {{Report}}: {{V23BperOSIN}}},
  author = {Moore, Aubrey and Grasela, James J.},
  date = {2019},
  institution = {{University of Guam}},
  url = {https://github.com/aubreymoore/rearing3/raw/master/bioassay-V23B%5C_perOSIN.pdf}
}

@report{moore_bioassay_2019-2,
  title = {Bioassay {{Report}}: {{PNG}}},
  author = {Moore, Aubrey and Grasela, James J.},
  date = {2019},
  institution = {{University of Guam}},
  url = {https://github.com/aubreymoore/rearing3/raw/master/bioassay-PNG.pdf}
}

@report{moore_bioassay_2019-3,
  title = {Bioassay {{Report}}: {{V23B}}},
  author = {Moore, Aubrey and Grasela, James J.},
  date = {2019},
  institution = {{University of Guam}},
  url = {https://github.com/aubreymoore/rearing3/raw/master/bioassay-V23B.pdf}
}

@report{moore_bioassay_2019-4,
  title = {Bioassay {{Report}}: {{V23B Large Bioassay}}},
  author = {Moore, Aubrey and Grasela, James J.},
  date = {2019},
  institution = {{University of Guam}},
  url = {https://github.com/aubreymoore/rearing3/raw/master/bioassay-V23B%5C_large%5C_bioassay.pdf}
}

@report{moore_bioassay_2019-5,
  title = {Bioassay {{Report}}: {{V23BperOS}}},
  author = {Moore, Aubrey and Grasela, James J.},
  date = {2019},
  institution = {{University of Guam}},
  url = {https://github.com/aubreymoore/rearing3/raw/master/bioassay-V23BperOS.pdf}
}

@report{moore_bioassay_2019-6,
  title = {Bioassay {{Report}}: {{MALB}}},
  author = {Moore, Aubrey and Grasela, James J.},
  date = {2019},
  institution = {{University of Guam}},
  url = {https://github.com/aubreymoore/rearing3/raw/master/bioassay-MALB.pdf}
}

@report{moore_bioassay_2019-7,
  title = {Bioassay {{Report}}: {{MALBperOS}}},
  author = {Moore, Aubrey and Grasela, James J.},
  date = {2019},
  institution = {{University of Guam}},
  url = {https://github.com/aubreymoore/rearing3/raw/master/bioassay-MALBperOS.pdf}
}

@report{moore_bioassay_2019-9,
  title = {Bioassay {{Report}}: {{PNGperOS}}},
  author = {Moore, Aubrey and Grasela, James J.},
  date = {2019},
  institution = {{University of Guam}},
  url = {https://github.com/aubreymoore/rearing3/raw/master/bioassay-PNGperOS.pdf}
}

@article{moore_bird_2014,
  title = {Bird Net Escape Test},
  author = {Moore, Aubrey and Quitugua, Roland},
  date = {2014},
  url = {http://guaminsects.net/anr/sites/default/files/BirdNet.pdf},
  keywords = {cfes2015,crbtechreport}
}

@inproceedings{moore_challenges_2011-2,
  title = {Challenges of Eradicating Coconut Rhinoceros Beetle, {{Oryctes}} Rhinoceros, on {{Guam}}},
  booktitle = {Society of {{American Foresters Annual Conference}}},
  author = {Moore, Aubrey and Quitugua, Roland},
  date = {2011}
}

@article{moore_chicken_2014,
  title = {Chicken Wire vs Plastic Top},
  author = {Moore, Aubrey},
  date = {2014},
  url = {http://guaminsects.net/anr/sites/default/files/CRB2014-01-15.pdf}
}

@article{moore_chicken_2014-1,
  title = {Chicken Wire Escape Test},
  author = {Moore, Aubrey},
  date = {2014},
  pages = {1--2},
  url = {http://guaminsects.net/anr/sites/default/files/CRB2014-01-12A_0.pdf},
  file = {/home/aubrey/Zotero/storage/QQEN74NF/Moore - 2014 - Chicken Wire Escape Test Prepared by.pdf}
}

@article{moore_coconut_2015,
  title = {Coconut Rhinoceros Beetles ( {{Coleoptera}} : {{Scarabaeidae}} ) Develop in Arboreal Breeding Sites in {{Guam}}},
  author = {Moore, Aubrey and Jackson, Trevor and Quitugua, Roland and Bassler, Paul and Campbell, Russell},
  date = {2015},
  journaltitle = {Florida Entomologist},
  volume = {98},
  pages = {1012--1014},
  url = {http://journals.fcla.edu/flaent/article/download/84794/84044},
  file = {/home/aubrey/Zotero/storage/SFWH2HPN/Moore 2015.pdf},
  number = {3}
}

@inproceedings{moore_coconut_2015-1,
  title = {Coconut {{Rhinoceros Beetle Trap Improvements}}},
  booktitle = {Pacific {{Entomology Conference}}},
  author = {Moore, Aubrey and Quitugua, Roland},
  date = {2015},
  url = {http://guaminsects.net/anr/sites/default/files/pec2015-improved-traps.pdf},
  keywords = {cfes2015,crbtechreport,presentation}
}

@report{moore_coconut_2019,
  title = {Coconut {{Rhinoceros Beetle Bibliography}}},
  author = {Moore, Aubrey and Grasela, James J.},
  date = {2019},
  url = {https://github.com/aubreymoore/CRB-Bibliography}
}

@online{moore_coconut_2019-1,
  title = {Coconut {{Rhinoceros Beetle Rearing Database}}},
  author = {Moore, Aubrey},
  date = {2019-10-13},
  url = {http://aubreymoore.pythonanywhere.com/rearing}
}

@online{moore_coconut_2019-2,
  title = {Coconut {{Rhinoceros Beetle Causes}} an {{Ecological Catastrophe}} on {{Guam}}},
  author = {Moore, Aubrey},
  date = {2019-06-21},
  url = {https://github.com/aubreymoore/2019-Extension-Internship-CRB-Presentation/raw/master/2019-CRB-catastrophy-presentation.pdf}
}

@article{moore_coconut_nodate,
  title = {Coconut Rhinoceros Beetle, {{Oryctes}} Rhinoceros ({{Coleoptera}}: {{Scarabaeidae}}), Grubs Develop in Live Coconut Palms on {{Guam}}},
  author = {Moore, Aubrey and Jackson, Trevor and Quitugua, Roland and Bassler, Paul},
  journaltitle = {Florida Entomologist},
  keywords = {cfes2015,journal,testkeyword}
}

@article{moore_cocounut_nodate,
  title = {Cocounut {{Rhinoceros Beetle}}},
  author = {Moore, Aubrey},
  journaltitle = {Guam Life},
  entrysubtype = {magazine}
}

@report{moore_container_2017-1,
  title = {Container for Secure Shipment of Live Coconut Rhinoceros Beetle Adults},
  author = {Moore, Aubrey and Quitugua, Roland},
  date = {2017-06-01},
  pages = {3},
  institution = {{University of Guam Cooperative Extension Service}},
  url = {https://github.com/aubreymoore/CRB-Import-Permit/raw/master/CRB_Shipping_Container.pdf},
  file = {/home/aubrey/Zotero/storage/N2R2Z6C7/CRB_Shipping_Container.pdf},
  keywords = {techrep2017},
  type = {Guam Coconut Rhinoceros Beetle Project Technical Report CRB-2017-05-27}
}

@inproceedings{moore_containing_2011,
  title = {Containing the Rhinoceros Beetle Outbreak on {{Guam}}},
  booktitle = {International {{Plant Protection Congress}}},
  author = {Moore, Aubrey},
  date = {2011}
}

@report{moore_crb_2008,
  title = {{{CRB Flight Range}}},
  author = {Moore, Aubrey},
  date = {2008},
  file = {/home/aubrey/Zotero/storage/XSHUNX4X/CRB Flight Range.pdf}
}

@inproceedings{moore_crb_2012,
  title = {{{CRB}} Is the {{BTS}} of the 21st {{Century}}},
  booktitle = {Brown {{Treesnake Technical Working Group Meeting}}},
  author = {Moore, Aubrey},
  date = {2012}
}

@article{moore_crb_2014,
  title = {{{CRB Sanitation}} at the {{University}} of {{Guam Yigo Agricultural Experiment Station}}},
  author = {Moore, Aubrey},
  date = {2014},
  url = {http://guaminsects.net/anr/sites/default/files/2014-06-26-YigoSanitation.pdf},
  keywords = {cfes2015,crbtechreport}
}

@article{moore_crb_2014-1,
  title = {\{\vphantom\}{{CRB}}\vphantom\{\} Rearing},
  author = {Moore, Aubrey},
  date = {2014},
  url = {http://guaminsects.net/anr/sites/default/files/CRB}
}

@article{moore_crb_2014-2,
  title = {{{CRB}} Heat Tolerance},
  author = {Moore, Aubrey},
  date = {2014},
  url = {http://guaminsects.net/anr/content/2014-02-19-crb-heat-tolerance}
}

@article{moore_crb_2014-3,
  title = {{{CRB}} Dispersal by Flight},
  author = {Moore, Aubrey},
  date = {2014},
  url = {http://guaminsects.net/anr/content/2014-02-19a-crb-dispersal-flight}
}

@article{moore_crb_2014-4,
  title = {{{CRB}} Rearing},
  author = {Moore, Aubrey},
  date = {2014},
  url = {http://guaminsects.net/anr/sites/default/files/CRB},
  keywords = {cfes2015,crbtechreport}
}

@article{moore_crb_2014-5,
  title = {{{CRB}} Mitigation for Conservation of Rear Snails and Butterflies at {{Haputo Beach}}},
  author = {Moore, Aubrey},
  date = {2014},
  url = {http://guaminsects.net/anr/sites/default/files/2014-02-17}
}

@article{moore_crb_2014-6,
  title = {{{CRB Rearing Prepared}} By},
  author = {Moore, Aubrey},
  date = {2014},
  pages = {1--3},
  file = {/home/aubrey/Zotero/storage/2EES7FUB/CRB Rearing_0.pdf}
}

@online{moore_crb-g_2019,
  title = {{{CRB}}-{{G Wiki}}},
  author = {Moore, Aubrey},
  date = {2019-10-13},
  url = {http://guaminsects.net/CRBG/index.php?title=CRB-G_Wiki}
}

@article{moore_cypermethrin_2011,
  title = {Cypermethrin Bioassay for {{CRB}} Grubs},
  author = {Moore, Aubrey},
  date = {2011},
  url = {http://guaminsects.net/anr/sites/default/files/Cypermethrin}
}

@article{moore_cypermethrin_2014,
  title = {Cypermethrin Applied to Coconut Palm Crowns as a Prophylactic Treatment for Prevention of {{CRB}} Damage},
  author = {Moore, Aubrey},
  date = {2014},
  pages = {1--7},
  url = {http://guaminsects.net/anr/sites/default/files/crownSpray.pdf},
  file = {/home/aubrey/Zotero/storage/EW3FFVQ7/crownSpray.pdf},
  keywords = {chemical control}
}

@article{moore_defence_2015,
  title = {{{DeFence Traps}}: {{Using Fish Netting}} as {{Novel CRB Pheromone Trap Deployed}} on {{Fence Lines}}},
  author = {Moore, Aubrey and Quitugua, Roland},
  date = {2015},
  url = {http://nbviewer.ipython.org/url/guaminsects.net/anr/sites/default/files/DeFence Traps.ipynb},
  keywords = {cfes2015,crbtechreport}
}

@article{moore_development_2013,
  title = {Development of Barrel Traps},
  author = {Moore, Aubrey},
  date = {2013},
  url = {http://guaminsects.net/anr/sites/default/files/barrelTraps.pdf},
  keywords = {trap development}
}

@online{moore_discovery_nodate,
  title = {Discovery of the {{Coconut Rhinoceros Beetle Guam Biotype}} and {{Implications}} for {{Global Control Aubrey Moore Entomological Society}} of {{America Pacific Branch Meeting Honolulu April}} 5, 2016},
  author = {Moore, Aubrey},
  url = {http://guaminsects.net/GISC_NOV2015/GISC_NOV2015/Moore_ESA_PB_APR2016.html},
  urldate = {2016-04-12},
  keywords = {presentation}
}

@article{moore_draft_2015,
  title = {Draft {{Agenda}} for {{Coconut Rhinoceros Beetle IPM Meeting Sponsored}} by the {{Western IPM Center}}},
  author = {Moore, Aubrey and Quitugua, Roland},
  date = {2015},
  pages = {1--3},
  file = {/home/aubrey/Zotero/storage/SN6T8222/PEC CRB IPM.pdf}
}

@article{moore_efficacy_2008,
  title = {Efficacy of Systemic Insecticide Injections Applied to Mature Coconut Palms},
  author = {Moore, Aubrey},
  date = {2008},
  pages = {1--11},
  url = {http://www.guaminsects.net/CRB/docs/Coconut Injection Bioassay.pdf}
}

@article{moore_efficacy_2015,
  title = {Efficacy of {{Entomopathogenic Fungus}} for {{Biological Control}} of {{Coconut Rhinoceros Beetle}} ({{CRB}}) on {{Guam}} and {{DNA Profiling}} of {{Asia}}/{{Pacific CRB Populations}} with {{Respect}} to {{Virus Susceptibility}}},
  author = {Moore, Aubrey and Marshall, Sean},
  date = {2015},
  url = {http://guaminsects.net/anr/sites/default/files/semiannual-report-April2015.pdf},
  file = {/home/aubrey/Zotero/storage/IAF4HBQN/1555 yearend report(1).pdf},
  keywords = {cfes2015,crbtechreport}
}

@online{moore_facebook_2019,
  title = {{{FaceBook Site}}: {{CRB}}-{{G}}},
  author = {Moore, Aubrey and Iriarte, Ian R.},
  date = {2019-10-13},
  url = {https://www.facebook.com/groups/crbg07/}
}

@unpublished{moore_failed_2018-1,
  title = {Failed {{Attempts}} to {{Establish IPM}} for {{Asian Cycad Scale}} and {{Coconut Rhinoceros Beetle}} on {{Guam}}},
  author = {Moore, Aubrey},
  date = {2018-11-13},
  doi = {10.5281/zenodo.2545065},
  url = {https://zenodo.org/record/2545065/files/Moore-Vancouver-2018.pdf},
  urldate = {2019-01-21},
  eventtitle = {Annual {{Meeting}} of the {{Entomological Society}} of {{America}}},
  file = {/home/aubrey/Zotero/storage/QS3IMJZH/Moore - 2019 - Failed Attempts to Establish IPM for Asian Cycad S.pdf},
  keywords = {McIntire-Stennis final report 2019},
  venue = {{Vancouver, Canada}}
}

@inproceedings{moore_failure_2015,
  title = {Failure {{Analysis}} of the {{Guam Coconut Rhinoceros Beetle Eradication Project Aubrey Moore Western Pacific Tropical Research Center}}},
  booktitle = {Pacific {{Entomology Conference}}},
  author = {Moore, Aubrey and Pacific, Western},
  date = {2015},
  pages = {1--2},
  file = {/home/aubrey/Zotero/storage/CBENVEWS/pec2015-crb-failure.pdf}
}

@article{moore_field_2012,
  title = {Field {{Cage Experiment}}: {{Escape Test}}},
  author = {Moore, Aubrey},
  date = {2012},
  pages = {1--3},
  file = {/home/aubrey/Zotero/storage/PNVH5NDJ/Moore - 2012 - Field Cage Experiment Escape Test.pdf}
}

@article{moore_final_2014,
  title = {Final {{Report}} for {{APHIS Biocontrol Grant}}: {{Entomopathogenic Virus}} for {{Biological Control}} of {{Coconut Rhinoceros Beetle}} on {{Guam}}},
  author = {Moore, Aubrey},
  date = {2014},
  url = {http://guaminsects.net/anr/sites/default/files/final_July14-CRB},
  number = {20140709}
}

@report{moore_final_2015,
  title = {Final {{Report}} for {{USDA}}-{{APHIS Biocontrol Project}} 13-8515-1555-{{CA}}: {{Efficacy}} of {{Entomopathogenic Fungus}} for {{Biological Control}} of {{Coconut Rhinoceros Beetle}} ({{CRB}}) on {{Guam}} and {{DNA Profiling}} of {{Asia}}/{{Pacific CRB Populations}} with {{Respect}} to {{Virus Susceptibility}}},
  author = {Moore, Aubrey and Marshall, Sean},
  date = {2015},
  url = {https://github.com/aubreymoore/miscellaneous-files/blob/master/APHIS-biocontrol-final-report-December2015.pdf},
  file = {/home/aubrey/Zotero/storage/8HDN2EXF/APHIS-biocontrol-final-report-December2015.pdf},
  keywords = {Metarhizium,OrNV}
}

@report{moore_final_2019,
  title = {Final {{Report}} for {{USDA APHIS Grant AP17PPQFO000C312}}: {{Coconut Rhinoceros Beetle Biological Control}}},
  author = {Moore, Aubrey},
  date = {2019-10-20},
  institution = {{University of Guam}},
  url = {https://github.com/aubreymoore/FB17-Final-Report/raw/master/report.pdf}
}

@article{moore_following_2015,
  title = {Following {{Radio Tagged Rhino Beetles}} to {{Discover Breeding Sites}}},
  author = {Moore, Aubrey},
  date = {2015},
  pages = {1--3},
  file = {/home/aubrey/Zotero/storage/ZNDQKMW2/newfile2.pdf},
  issue = {May}
}

@article{moore_funnel_2008,
  title = {Funnel {{Test}}},
  author = {Moore, Aubrey and {Roland Quitugua}},
  date = {2008},
  pages = {1--10},
  file = {/home/aubrey/Zotero/storage/RPJ2JTMH/FunnelTest.pdf}
}

@article{moore_funnels_2014,
  title = {Funnels {{Added}} to {{Pan Traps Increase Catch}}},
  author = {Moore, Aubrey and Quitugua, Roland},
  date = {2014},
  url = {http://guaminsects.net/anr/sites/default/files/FunnelTest.pdf}
}

@article{moore_generating_2015,
  title = {Generating a {{Trap Map Animation}}},
  author = {Moore, Aubrey},
  date = {2015},
  url = {http://nbviewer.ipython.org/url/guaminsects.net/anr/sites/default/files/trapMapViz.ipynb},
  keywords = {cfes2015,crbtechreport}
}

@misc{moore_grant_2020-2,
  title = {Grant {{Proposal}}: {{DOI}}-{{OIA Coral Reef}} and {{Natural Resources Iniative FY2020}}: {{Establishment}} of {{Self}}-Sustaining {{Biological Control}} of {{Coconut Rhinoceros Beetle Biotype G}} in {{Micronesia}}},
  author = {Moore, Aubrey},
  date = {2020-04-23},
  origdate = {2020-04-13T23:16:24Z},
  url = {https://github.com/aubreymoore/2020-DOI-CRB-Biocontrol/blob/master/doi_proposal.pdf},
  urldate = {2020-05-22},
  file = {/home/aubrey/Zotero/storage/IUWBBNVF/Moore - 2020 - Grant Proposal DOI-OIA Coral Reef and Natural Res.pdf}
}

@article{moore_guam_2012,
  title = {Guam {{Coconut Rhinoceros Beetle Eradication Project Technical Note}}: {{Using QGIS}} to {{Detect Georeferencing Errors}} in an {{Online MySQL Database}}},
  author = {Moore, Aubrey},
  date = {2012},
  pages = {1--6},
  file = {/home/aubrey/Zotero/storage/P77MNGSP/Moore - 2012 - Guam Coconut Rhinoceros Beetle Eradication Project Technical Note Using QGIS to Detect Georeferencing Errors in an Online.pdf}
}

@report{moore_guam_2012-1,
  title = {Guam {{Coconut Rhinoceros Beetle Eradication Project}}: {{Semiannual Report}} for {{USDA APHIS Grant}} 11-8510-1123-{{CA}}; {{Performance Period}}: {{January}} - {{July}}, 2012},
  author = {Moore, Aubrey},
  date = {2012},
  file = {/home/aubrey/Zotero/storage/D7SNKSHW/Moore - 2012 - Guam Coconut Rhinoceros Beetle Eradication Project Semiannual Report for USDA APHIS Grant 11-8510-1123-CA Performance Per.pdf}
}

@report{moore_guam_2012-2,
  title = {Guam {{Coconut Rhinoceros Beetle Biological Control Project}}: {{Semiannual Report}} for {{USDA APHIS Grant Performance Period}} : {{June}} - {{December}}, 2012},
  author = {Moore, Aubrey},
  date = {2012},
  pages = {1--3},
  url = {http://guaminsects.net/anr/sites/default/files/Moore},
  file = {/home/aubrey/Zotero/storage/F3RAEMJC/Moore - 2012 - Guam Coconut Rhinoceros Beetle Biological Control Project Semiannual Report for USDA APHIS Grant Performance Period June.pdf}
}

@article{moore_guam_2014,
  title = {Guam {{CRB}} Project Payroll Simulation},
  author = {Moore, Aubrey},
  date = {2014},
  url = {http://nbviewer.ipython.org/url/guaminsects.net/anr/sites/default/files/CRB Payroll.ipynb},
  keywords = {cfes2015,crbtechreport}
}

@report{moore_guam_2018,
  title = {The {{Guam Coconut Rhinoceros Beetle Problem}}: {{Past}}, {{Present}} and {{Future}}},
  shorttitle = {The {{Guam Coconut Rhinoceros Beetle Problem}}},
  author = {Moore, Aubrey},
  date = {2018-02-27},
  institution = {{Zenodo}},
  doi = {10.5281/zenodo.1185371},
  url = {https://zenodo.org/record/1185371#.W4Dolh9fhhE},
  urldate = {2018-08-25},
  file = {/home/aubrey/Zotero/storage/AQWRISCI/Aubrey Moore - 2018 - The Guam Coconut Rhinoceros Beetle Problem Past, .pdf}
}

@misc{moore_guam_2019,
  title = {Guam {{NewsTalk}}  {{Radio K57}}: {{Man}}, {{Land}} and {{Sea Program}}: {{Invasive Species}} on {{Guam}}},
  author = {Moore, Aubrey},
  date = {2019-06-27},
  url = {https://www.facebook.com/guam.biosec/posts/thanks-to-dave-duenas-of-man-land-and-sea-for-hosting-us-on-k57-tonight-90-minut/420937051832311/},
  keywords = {press}
}

@article{moore_harvesting_2015,
  title = {Harvesting Data from the {{EpiCollect CRB}}-{{TALAYA Project}}},
  author = {Moore, Aubrey and Quitugua, Roland},
  date = {2015},
  url = {http://nbviewer.ipython.org/url/guaminsects.net/anr/sites/default/files/crb_talaya.ipynb},
  keywords = {cfes2015,crbtechreport}
}

@article{moore_harvesting_2015-1,
  title = {Harvesting Data from the {{EpiCollect CRB}}\_{{TALAYA Project}}},
  author = {Moore, Aubrey and Quitugua, Roland},
  date = {2015},
  url = {http://nbviewer.ipython.org/url/guaminsects.net/anr/sites/default/files/crb_talaya.ipynb}
}

@article{moore_harvesting_2015-2,
  title = {Harvesting Data from the {{EpiCollect}} Crb-Yigo-Barrel-Epicollect {{Project}}},
  author = {Moore, Aubrey},
  date = {2015},
  url = {http://nbviewer.ipython.org/url/guaminsects.net/anr/sites/default/files/crb_yigo_barrel_epicollect.ipynb},
  keywords = {cfes2015,crbtechreport}
}

@article{moore_harvesting_2015-3,
  title = {Harvesting Data from the {{EpiCollect}} Crb\_yigo\_barrel\_epicollect {{Project}}},
  author = {Moore, Aubrey},
  date = {2015},
  url = {http://nbviewer.ipython.org/url/guaminsects.net/anr/sites/default/files/crb_yigo_barrel_epicollect.ipynb}
}

@unpublished{moore_impact_2017-1,
  title = {Impact of Climate Change on Coconut Rhinoceros Beetle Outbreaks in the {{Pacific}}},
  author = {Moore, Aubrey},
  date = {2017-10-26},
  url = {https://github.com/aubreymoore/crb-climate-change/raw/master/crb-climate-connection.pdf},
  eventtitle = {Guam {{Extension}} and {{Outreach Climate Forum}}},
  keywords = {presentation2017},
  venue = {{Guam}}
}

@article{moore_improved_2013,
  title = {Improved Pheromone Traps for Coconut Rhinoceros Beetle},
  author = {Moore, Aubrey},
  date = {2013},
  url = {http://guaminsects.net/anr/sites/default/files/improvedPheromoneTraps.pdf}
}

@inproceedings{moore_improved_2014-1,
  title = {Improved Traps for the Coconut Rhinoceros Beetle, {{Oryctes}} Rhinoceros},
  booktitle = {Entomological {{Society}} of {{America}}},
  author = {Moore, Aubrey and Quitugua, Roland and Siderhurst, Mattew and Jang, Eric},
  date = {2014},
  url = {http://guaminsects.net/anr/sites/default/files/Moore_1957_2.pdf},
  keywords = {cfes2015,crbtechreport,presentation}
}

@article{moore_improved_2015,
  title = {Improved Traps for the Coconut Rhinoceros Beetle , {{Oryctes}} Rhinoceros {{Introduction Pheromone Traps Ultraviolet}} Light Emitting Diodes ( {{UVLEDs}} ) {{Tekken Fish Net Traps Mark}}-{{Release}}-{{Recapture}}},
  author = {Moore, Aubrey and Quitugua, Roland},
  date = {2015},
  pages = {1--32},
  file = {/home/aubrey/Zotero/storage/5VPE48V2/rotary-improved-traps(2).pdf;/home/aubrey/Zotero/storage/8UCKD6CK/rotary-improved-traps(1).pdf;/home/aubrey/Zotero/storage/KNU4NGQ9/pec2015-improved-traps.pdf;/home/aubrey/Zotero/storage/Z72UMQWS/rotary-improved-traps.pdf},
  issue = {April 2015}
}

@article{moore_judas_2017-1,
  title = {Judas Beetles: {{Discovering}} Cryptic Breeding Sites by Radio-Tracking Coconut Rhinoceros Beetles, {{Oryctes}} Rhinoceros ({{Coleoptera}}: {{Scarabaeidae}})},
  author = {Moore, Aubrey and Barahona, Diego C. and Lehman, Katherine A. and Skabeikis, Dominick A. and Iriarte, Ian R. and Jang, Eric B. and Siderhurst, Mattew S.},
  date = {2017},
  journaltitle = {Journal of Environmental Entomology},
  volume = {46},
  pages = {92--99},
  doi = {10.1093/ee/nvw152},
  file = {/home/aubrey/Zotero/storage/CKEHRDZQ/Moore et al. - 2017 - Judas beetles Discovering cryptic breeding sites .pdf},
  keywords = {publication2017},
  number = {1}
}

@article{moore_man_2009-2,
  title = {Man, {{Land}} and {{Sea}}: {{Guam}}'s {{Rhino Hunters}}},
  author = {Moore, Aubrey},
  date = {2009},
  journaltitle = {Pacific Daily News},
  url = {http://www.guampdn.com/guampublishing/special-sections/ManLandSea/index.html}
}

@article{moore_minibucket_2014,
  title = {Minibucket Test},
  author = {Moore, Aubrey},
  date = {2014},
  url = {http://guaminsects.net/anr/sites/default/files/CRB2014-01-16.pdf}
}

@article{moore_minibucket_2014-1,
  title = {Minibucket Escape Test},
  author = {Moore, Aubrey},
  date = {2014},
  url = {http://guaminsects.net/anr/sites/default/files/CRB2014-01-17.pdf}
}

@article{moore_movement_2016,
  title = {Movement of {{Packaged Soil Products}} as a {{Dispersal Pathway}} for {{Coconut Rhinoceros Beetle}}, {{Oryctes}} Rhinoceros ({{Coleoptera}}: {{Scarabaeidae}}) and {{Other Invasive Species}}},
  shorttitle = {Movement of {{Packaged Soil Products}} as a {{Dispersal Pathway}} for {{Coconut Rhinoceros Beetle}}, {{Oryctes}} Rhinoceros ({{Coleoptera}}},
  author = {Moore, Aubrey and Quitugua, Roland and Iriarte, Ian and Melzer, Michael and Watanabe, Shizu and Cheng, Zhiqiang and Barnes, Jathan Muna},
  date = {2016-12-12},
  journaltitle = {Proceedings of the Hawaiian Entomological Society},
  volume = {48},
  pages = {21--22},
  issn = {0073-134X},
  url = {http://scholarspace.manoa.hawaii.edu/handle/10125/42743},
  urldate = {2016-12-19},
  file = {/home/aubrey/Zotero/storage/2TQUXA5Y/Moore et al. - 2016 - Movement of Packaged Soil Products as a Dispersal .pdf;/home/aubrey/Zotero/storage/2DGAKILR/42743.html},
  langid = {american}
}

@article{moore_netted_2015,
  title = {Netted {{Panel Traps}} to {{Test}} If {{CRB}} Are {{Deflected}}},
  author = {Moore, Aubrey and Quitugua, Roland and Iriarte, Ian},
  date = {2015},
  url = {http://nbviewer.ipython.org/url/guaminsects.net/anr/sites/default/files/Netted Panel Traps Experiment to See if CRB are Deflected.ipynb},
  keywords = {cfes2015,crbtechreport}
}

@online{moore_open_2019,
  title = {Open {{Science Framework}}: {{Digital Image Analysis}} for {{Detection}} of {{CRB Damage}} in {{Videos}}},
  author = {Moore, Aubrey},
  date = {2019-10-12},
  url = {https://osf.io/czr8t/?view_only=cdec7cc47b514b31b33115113193a2d4}
}

@article{moore_ornv_2015,
  title = {{{OrNV Witches Brew Experiment}} : {{A Last Ditch Attempt}} to {{Find Virus Pathogenetic}} for the {{Guam Cocoonut Rhinoceros Beetle Genotype}}},
  author = {Moore, Aubrey and Iriarte, Ian and Quitugua, Roland},
  date = {2015},
  volume = {10},
  pages = {1--2},
  file = {/home/aubrey/Zotero/storage/2G7CUD97/template.pdf;/home/aubrey/Zotero/storage/46WJQAXV/wb1.pdf}
}

@article{moore_oryctalure_2015,
  title = {Oryctalure Synergist Candidates Field Trial},
  author = {Moore, Aubrey and Siderhurst, Mattew},
  date = {2015},
  url = {http://nbviewer.ipython.org/url/guaminsects.net/anr/sites/default/files/Oryctalure synergists field trial.ipynb},
  keywords = {cfes2015,crbtechreport}
}

@article{moore_oryctes_2015,
  title = {Oryctes {{Nudivirus}} for {{Biocontrol}} of the {{Guam Biotype}} of the {{Coconut Rhinoceros Beetle}}},
  author = {Moore, Aubrey},
  date = {2015},
  pages = {1--4},
  file = {/home/aubrey/Zotero/storage/9QJDTFWK/aphis_biocontrol(5).pdf}
}

@inproceedings{moore_overview_2014,
  title = {Overview of the {{Guam}} Coconut Rhinoceros Beetle Eradication Project},
  booktitle = {Hawaii {{CRB Incident Command Meeting}}},
  author = {Moore, Aubrey and Quitugua, Roland},
  date = {2014},
  url = {http://guaminsects.net/presentations/CRB-Hawaii-ICS-Jan-2014.pdf},
  keywords = {cfes2015,presentation}
}

@article{moore_overview_2014-1,
  title = {Overview of the {{Guam Coconut Rhinoceros Beetle First Coconut Rhinoceros Beetle Collected}} on {{Guam}} 11-{{Sep}}-2007 , {{Tumon Bay}}},
  author = {Moore, Aubrey and Quitugua, Roland},
  date = {2014},
  file = {/home/aubrey/Zotero/storage/AZEBPTJB/CRB-Hawaii-ICS-Jan-2014(1).pdf;/home/aubrey/Zotero/storage/HV7ZSDH8/GuamCRB_Update_GISC20120215.pdf}
}

@report{moore_pacific_2015,
  title = {Pacific {{Island Entomologists}} Are {{Worried About}} a {{New Type}} of {{Coconut Rhinoceros Beetle Discovered}} on {{Guam}}},
  author = {Moore, Aubrey},
  date = {2015},
  file = {/home/aubrey/Zotero/storage/Z7E87CD9/CRBpressRelease.pdf}
}

@article{moore_plan_2012,
  title = {Plan for the {{USDA}}-{{Forestry Service Grant}}},
  author = {Moore, Aubrey},
  date = {2012},
  pages = {1--14},
  file = {/home/aubrey/Zotero/storage/FANEX572/Moore - 2012 - Plan for the USDA-Forestry Service Grant.pdf}
}

@article{moore_plastic_2014,
  title = {Plastic Top Catch Test},
  author = {Moore, Aubrey},
  date = {2014},
  url = {http://guaminsects.net/anr/sites/default/files/CRB2014-01-12B.pdf}
}

@article{moore_progress_2014,
  title = {Progress {{Report}}: {{Development}} of {{Integrated Pest Management}} for {{Coconut Rhinoceros Beetle}} on {{Guam}}},
  author = {Moore, Aubrey},
  date = {2014},
  url = {http://guaminsects.net/anr/sites/default/files/FS-CRB-Report-Sep-2014.pdf}
}

@report{moore_progress_2019,
  title = {Progress {{Report}} 3 for {{USDA}}-{{APHIS Grant AP17PPQFO000C312}}: {{Coconut Rhinoceros Beetle Biological Control}}},
  author = {Moore, Aubrey},
  date = {2019-03-25},
  pages = {165},
  institution = {{University of Guam}},
  file = {/home/aubrey/Zotero/storage/IMIHN2JP/Moore - 2019 - Progress Report 3 for USDA-APHIS Grant AP17PPQFO00.pdf}
}

@online{moore_progress_2019-1,
  title = {Progress {{Report}} 2 for {{Farm Bill FY18 Grant}}: {{Coconut Rhinoceros Beetle Biological Control}}},
  author = {Moore, Aubrey},
  date = {2019-10-14},
  url = {https://github.com/aubreymoore/FB18-Report-2/raw/master/report.pdf}
}

@misc{moore_progress_2020,
  title = {Progress {{Report}} 1 for {{USDA}}-{{APHIS}}-{{PPA19 Grant}}: {{Coconut Rhinoceros Beetle Biocontrol}}},
  author = {Moore, Aubrey},
  date = {2020-03-20},
  url = {https://github.com/aubreymoore/FY19-PPA-Report-1/blob/master/PPA19-report-1.pdf},
  keywords = {addendum}
}

@misc{moore_progress_2020-1,
  title = {Progress {{Report}} 4 for {{USDA}}-{{APHIS}}-{{PPA18 Grant}}: {{Coconut Rhinoceros Beetle Biocontrol}}},
  author = {Moore, Aubrey},
  date = {2020-04-28},
  url = {https://github.com/aubreymoore/FY19-PPA-Report-1/blob/master/PPA18-report-4.pdf},
  keywords = {addendum}
}

@misc{moore_progress_2020-2,
  title = {Progress {{Report}} 4 for {{DOI}}-{{OIA Project}}: {{Coconut Rhinoceros Beetle Biological Control}}},
  author = {Moore, Aubrey},
  date = {2020-03-23},
  url = {https://github.com/aubreymoore/doi-CRB-biocontrol-project/blob/master/report4/report4.pdf}
}

@article{moore_protecting_2015,
  title = {Protecting {{Coconut Palms}} from {{CRB Damage Using Fish Gill Netting}}},
  author = {Moore, Aubrey and Quitugua, Roland},
  date = {2015},
  url = {http://nbviewer.ipython.org/url/guaminsects.net/anr/sites/default/files/Netted},
  keywords = {cfes2015,crbtechreport}
}

@article{moore_relative_2014,
  title = {Relative Attractiveness of White and Ultraviolet Light Emitting Diodes plus Oryctalure},
  author = {Moore, Aubrey},
  date = {2014},
  pages = {1--7},
  url = {http://guaminsects.net/anr/sites/default/files/LEDcolor_0.pdf},
  file = {/home/aubrey/Zotero/storage/JQZJV9DG/Moore - 2014 - DRAFT Relative Attractiveness of White and Ultraviolet Light Emitting Diodes Plus Oryctalure Prepared by.pdf},
  number = {V}
}

@inproceedings{moore_report_2015,
  title = {A Report on the {{Guam}} Coconut Rhinoceros Beetle Infestation},
  booktitle = {Pacific {{Plant Protection Organization}}},
  author = {Moore, Aubrey},
  date = {2015}
}

@report{moore_research_2011,
  title = {Research in {{Support}} of the {{Guam Coconut Rhinoceros Beetle Eradication Project}}:{{SPLAT Bioassay}} 2 : {{Attractivity}} of {{SPLAT Containing}} 5 \% {{Cypermethrin}} to {{Adult Coconut Rhinoceros Beetles}}},
  author = {Moore, Aubrey},
  date = {2011},
  pages = {1--2},
  file = {/home/aubrey/Zotero/storage/3G82WUCU/Moore - 2011 - Research in Support of the Guam Coconut Rhinoceros Beetle Eradication Project SPLAT Bioassay 1 Toxicity of SPLAT Contain.pdf;/home/aubrey/Zotero/storage/VKMH7QNS/Moore - 2011 - Research in Support of the Guam Coconut Rhinoceros Beetle Eradication ProjectSPLAT Bioassay 2 Attractivity of SPLAT Cont.pdf}
}

@report{moore_research_2011-1,
  title = {Research in {{Support}} of the {{Guam Coconut Rhinoceros Beetle Eradication Project}}: {{RB}}-{{SPLAT}}-{{Cypermethrin Attracticide Large Field Cage Experiment}} 2},
  author = {Moore, Aubrey},
  date = {2011},
  pages = {1--5}
}

@report{moore_research_2012,
  title = {Research in {{Support}} of the {{Guam Coconut Rhinoceros Beetle Eradication Project}}: {{Field Cage Experiment}}: {{New Lure}} vs {{Depleted Lure}}},
  author = {Moore, Aubrey},
  date = {2012},
  pages = {1--8},
  url = {https://api.zotero.org/groups/511387/items/V3D3S7P7/file/view},
  file = {/home/aubrey/Zotero/storage/V3D3S7P7/Moore - 2012 - Research in Support of the Guam Coconut Rhinoceros Beetle Eradication Project Field Cage Experiment New Lure vs Depleted.pdf}
}

@report{moore_research_2012-1,
  title = {Research in {{Support}} of the {{Guam Coconut Rhinoceros Beetle Eradication Project}}: {{Rhodamine WT}} as a {{Tracer Dye}} to {{Quantify How Much SPLAT Attracticide}} Is {{Picked Up}} by {{Adult Rhino Beetles During Brief Tarsal Contact}}},
  author = {Moore, Aubrey and Gross, Jessica},
  date = {2012},
  pages = {6--8},
  file = {/home/aubrey/Zotero/storage/NSTWFGGK/Moore, Gross - 2012 - Research in Support of the Guam Coconut Rhinoceros Beetle Eradication Project Rhodamine WT as a Tracer Dye to Quan.pdf}
}

@article{moore_rhino_2014,
  title = {Rhino {{Beetle Presentation}} for {{Hawaii ICS}} - {{January}}, 2014},
  author = {Moore, Aubrey and Quitugua, Roland},
  date = {2014},
  url = {http://guaminsects.net/presentations/CRB-Hawaii-ICS-Jan-2014.pdf},
  keywords = {cfes2015,coconut rhinoceros beetle,crbtechreport,presentation}
}

@report{moore_semiannual_2012,
  title = {Semiannual {{Report}} for {{USDA APHIS Grant}} 11-8510-1123-{{CA}}; {{Performance Period}}: {{July}} - {{December}}, 2011},
  author = {Moore, Aubrey},
  date = {2012},
  file = {/home/aubrey/Zotero/storage/A4STQQFB/semiannual CRB APHIS JUL-DEC 2011.pdf}
}

@article{moore_solar_2013,
  title = {Solar {{Powered Ultraviolet Light Emitting Diode}} for {{CRB Pheromone Traps Prepared}} By},
  author = {Moore, Aubrey},
  date = {2013},
  pages = {1--5},
  url = {https://api.zotero.org/groups/511387/items/Z5FZDSD3/file/view},
  file = {/home/aubrey/Zotero/storage/WSD6WFMT/Moore - 2013 - Solar Powered Ultraviolet Light Emitting Diode for CRB Pheromone Traps Prepared by.pdf;/home/aubrey/Zotero/storage/Z5FZDSD3/solarUVLED_0.pdf},
  number = {29}
}

@article{moore_standard_2015,
  title = {Standard {{CRB Pheromone Traps Catch More Females Than Males}}},
  author = {Moore, Aubrey},
  date = {2015},
  url = {http://nbviewer.ipython.org/url/guaminsects.net/anr/sites/default/files/CRB-sex-ratio.ipynb},
  keywords = {cfes2015,crbtechreport}
}

@unpublished{moore_status_2019,
  title = {Status of a {{Major Outbreak}} of {{Coconut Rhinoceros Beetle}},. {{Oryctes}} Rhinoceros Biotype {{G}}, on {{Guam}} and {{Attempts}} at {{Establishing Biological Control}}},
  author = {Moore, Aubrey},
  date = {2019-11-11},
  url = {https://github.com/aubreymoore/IAPPS-2019-Presentation/raw/master/Moore_IAPPS-2019.odp},
  editora = {Grasela, James J. and Marshall, Sean D. G.},
  editoratype = {collaborator},
  eventtitle = {{{XIX International Plant Protection Congress}}},
  venue = {{Hyderabad, India}}
}

@article{moore_taiwanese_2015,
  title = {Taiwanese {{Gill Net Escape Test}}},
  author = {Moore, Aubrey and Quitugua, Roland},
  date = {2015},
  url = {http://nbviewer.ipython.org/url/guaminsects.net/anr/sites/default/files/Taiwanese Gill Net Escape Test.ipynb},
  keywords = {cfes2015,crbtechreport}
}

@report{moore_technical_2013,
  title = {Technical {{Report}}: {{Improved Pheromone Traps}} for {{Coconut Rhinoceros Beetle}}},
  author = {Moore, Aubrey},
  date = {2013-11-06},
  url = {https://api.zotero.org/groups/511387/items/SP5IDPFZ/file/view},
  urldate = {2020-05-24},
  file = {/home/aubrey/Zotero/storage/SP5IDPFZ/Moore - 2013 - Technical Report Improved Pheromone Traps for Coc.pdf},
  langid = {english}
}

@report{moore_technical_2019,
  title = {Technical {{Notes}} for the {{Pohnpei CRB Emergency Response Plan}}},
  author = {Moore, Aubrey},
  date = {2019-09},
  pages = {2},
  url = {https://www.overleaf.com/project/5d86a48d21df820001d1edec},
  type = {Technical Report}
}

@article{moore_test_2014,
  title = {Test of {{Netting}} as a {{Physical Barrier}} for {{CRB Adults}}},
  author = {Moore, Aubrey and Quitugua, Roland},
  date = {2014},
  pages = {1--17},
  url = {http://guaminsects.net/anr/sites/default/files/FishNetTest.pdf},
  file = {/home/aubrey/Zotero/storage/3HATZFHC/FishNetTest.pdf}
}

@article{moore_test_2014-1,
  title = {Test of {{Baffles}} to {{Prevent Escape}} from {{Pan Traps}}},
  author = {Moore, Aubrey and Quitugua, Roland},
  date = {2014},
  url = {http://nbviewer.ipython.org/url/guaminsects.net/anr/sites/default/files/Baffle Escape Test.ipynb}
}

@video{moore_training_2019,
  title = {Training an {{Object Detector}} to {{Locate Coconut Palms Damaged}} or {{Killed}} by {{Coconut Rhinoceros Beetle}}},
  editor = {Moore, Aubrey},
  date = {2019-07-26},
  url = {https://www.youtube.com/watch?v=zzSorqcmt9U},
  urldate = {2019-10-09},
  editortype = {director}
}

@article{moore_trap_2015,
  title = {Trap {{Thinning}}},
  author = {Moore, Aubrey},
  date = {2015},
  url = {http://nbviewer.ipython.org/url/guaminsects.net/anr/sites/default/files/Trap},
  keywords = {cfes2015,crbtechreport}
}

@inproceedings{moore_update_2011,
  title = {Update on the {{Guam}} Coconut Rhinoceros Beetle Eradication Project},
  booktitle = {Western {{Micronesia Invasive Species Committee Annual Meeting}}},
  author = {Moore, Aubrey},
  date = {2011},
  pages = {2--3},
  file = {/home/aubrey/Zotero/storage/FU8R3XSM/Moore - 2011 - Research in Support of the Guam Coconut Rhinoceros Beetle Eradication Project Oryctes Virus Bioassay 2.pdf;/home/aubrey/Zotero/storage/KB4PRABM/FS2013proposal_0(1).pdf;/home/aubrey/Zotero/storage/MVDTC97U/FS2013preproposal.pdf}
}

@online{moore_usda_2020,
  title = {{{USDA APHIS Farm Bill}} and {{Plant Protection Act Funding}} for {{Coconut Rhinoceros Beetle}} in {{Guam}} and {{Hawaii}}},
  author = {Moore, Aubrey},
  date = {2020},
  journaltitle = {GitHub},
  url = {https://github.com/aubreymoore/wiki/wiki/USDA-APHIS-Farm-Bill-and-Plant-Protection-Act-Funding-for-Coconut-Rhinoceros-Beetle-in-Guam-and-Hawaii},
  urldate = {2020-04-15},
  file = {/home/aubrey/Zotero/storage/2QWHMALQ/USDA-APHIS-Farm-Bill-and-Plant-Protection-Act-Funding-for-Coconut-Rhinoceros-Beetle-in-Guam-and.html},
  keywords = {addendum},
  langid = {english}
}

@article{moore_usda-forest_2016,
  title = {{{USDA}}-{{Forest Service Project Proposal}}},
  author = {Moore, Aubrey},
  date = {2016},
  pages = {1--11},
  file = {/home/aubrey/Zotero/storage/C9T6IPUK/proposal.pdf},
  number = {3}
}

@article{moore_using_2012,
  title = {Using {{QGIS}} to {{Detect Georeferencing Errors}} in an {{Online MySQL Database}}},
  author = {Moore, Aubrey},
  date = {2012},
  url = {http://guaminsects.net/anr/sites/default/files/GeorefErrors.pdf}
}

@article{moore_visualization_2014,
  title = {Visualization of {{Trap Catch Data}}},
  author = {Moore, Aubrey},
  date = {2014},
  file = {/home/aubrey/Zotero/storage/JB9XVAW4/trapMaps_2.pdf;/home/aubrey/Zotero/storage/NTFR2XMX/Moore - 2014 - Visualization of Trap Catch Data.pdf}
}

@article{moore_visualization_2015,
  title = {Visualization of {{Pan Trap Data}} at the {{University}} of {{Guam Yigo Agricultural Experiment Station}}},
  author = {Moore, Aubrey},
  date = {2015},
  file = {/home/aubrey/Zotero/storage/B88N7Z5M/template(2).pdf}
}

@online{moore_web_2019,
  title = {Web {{Page}}: {{Online}} Interactive Map of Coconut Rhinoceros Beetle Invasion History},
  author = {Moore, Aubrey},
  date = {2019},
  url = {http://aubreymoore.github.io/crbdist/mymap.html},
  urldate = {2019-05-28},
  file = {/home/aubrey/Zotero/storage/4BHYH6QG/mymap.html}
}

@article{moore_yigo_2014,
  title = {Yigo Barrel Traps: Trap Catch Comparison between Pan and Minibucket Traps},
  author = {Moore, Aubrey and Quitugua, Roland},
  date = {2014},
  url = {http://nbviewer.ipython.org/github/aubreymoore/YigoBarrels/blob/master/YigoBarrels.ipynb}
}

@article{moore_yigo_2015,
  title = {Yigo {{Palm Image Album}} 2015-01-04},
  author = {Moore, Aubrey},
  date = {2015},
  url = {http://nbviewer.ipython.org/url/guaminsects.net/anr/sites/default/files/Yigo Palm Image Album 2015-01-04.ipynb},
  keywords = {cfes2015,coconut rhinoceros beetle,crbtechreport}
}

@article{moslim_impact_1999,
  title = {Impact of {{Metarhizium}} Anisopliae ({{Deuteromycotina}}: {{Hyphomycetes}}) Applied by Wet and Dry Inoculum on Oil Palm Rhinoceros Beetles, {{Oryctes}} Rhinoceros ({{Coleoptera}}: {{Scarabaeidae}})},
  author = {Moslim, Ramle and Wahid, Mohd Basri and Kamarudin, Norman and Sharma, Mukesh and Ali, Siti Ramlah Ahmad},
  date = {1999},
  journaltitle = {Journal of Oil Palm Research},
  volume = {II},
  pages = {25--40},
  file = {/home/aubrey/Zotero/storage/NVSVKAC4/Moslim et al. - 1999 - Impact of Metarhizium anisopliae (Deuteromycotina Hyphomycetes) applied by wet and dry inoculum on oil palm rhino.pdf},
  keywords = {Beetles,field application,inoculum,Metarhizium anisopliae,otyctes rhinoceros,rhinoceros,wet and dried},
  number = {2}
}

@misc{moslim_oryctes_2003,
  title = {Oryctes Virus for Biocontrol of Rhinoceros Beetles, {{Oryctes}} Rhinoceros},
  author = {Moslim, Ramle and Moslim, Ramle and Mohd Basri, W.},
  date = {2003},
  publisher = {{MPOB INFORMATION  SERIES                           ISSN 1511-7871}},
  file = {/home/aubrey/Zotero/storage/4543WKZN/Ramle, M. 2003.pdf~RF2876a53b.TMP}
}

@article{moslim_use_2014,
  title = {{{THE USE OF PALM KERNEL CAKE IN THE PRODUCTION OF CONIDIA AND BLASTOSPORES OF Metarhizium}} Anisopliae Var . Major {{FOR CONTROL OF Oryctes}} Rhinoceros},
  author = {Moslim, Ramle and Kamarudin, Norman},
  date = {2014},
  volume = {26},
  pages = {133--139},
  file = {/home/aubrey/Zotero/storage/6WGKKRA3/joprv26jun2014-ramle1.pdf},
  issue = {June},
  keywords = {13 march 2014,2 july 2013,26 february 2014,27 may 2013,accepted,blastospores,conidia,date received,major,metarhizium anisopliae var,Oryctes rhinoceros,palm kernel cake,received in final form,sent for revision}
}

@article{murali_gopal_control_2001,
  title = {Control of the Coconut Pest {{Oryctes}} Rhinoceros {{L}}. Using the {{Oryctes}} Virus},
  author = {Murali Gopal, Alka Gupta and B. Sathiamma, C. P. Radhakrishnan Nair},
  date = {2001},
  journaltitle = {International Journal of Tropical Insect Science},
  volume = {21},
  pages = {93--101},
  file = {/home/aubrey/Zotero/storage/JHUUJ7K4/Gopal, M. et al.  2001.pdf},
  number = {2}
}

@article{murali_gopal_opportunistic_2002,
  title = {An {{Opportunistic Bacterial Pathogen}}, {{Pseudomonas}} Alcaligenes , {{May Limit}} the {{Perpetuation}} of {{Oryctes Virus}}, a {{Biocontrol Agent}} of {{Oryctes}} Rhinoceros {{L}}.},
  author = {Murali Gopal, Alka Gupta},
  date = {2002},
  journaltitle = {Biocontrol Sci \& Technology},
  volume = {12},
  pages = {507--512},
  file = {/home/aubrey/Zotero/storage/4DKNH8I7/Gopal, M. Alka Gupta 2002.pdf}
}

@article{murali_gopal_opportunistic_2002-1,
  title = {An {{Opportunistic Bacterial Pathogen}}, {{Pseudomonas}} Alcaligenes , {{May Limit}} the {{Perpetuation}} of {{Oryctes Virus}}, a {{Biocontrol Agent}} of {{Oryctes}} Rhinoceros {{L}}.},
  author = {Murali Gopal, Alka Gupta},
  date = {2002},
  journaltitle = {Biocontrol Sci. \& Tech.},
  volume = {12},
  pages = {507--512}
}

@article{n.b.v._chalapathi_rao_management_2018,
  title = {Management of Rhinoceros Beetle ({{Oryctes}} Rhinoceros {{L}}.)  by Biological Suppression with {{Oryctes}} Baculovirus in  {{Andhra Pradesh}}},
  author = {N.B.V. Chalapathi Rao, A. Snehalatharani and A. Nischala, G. Ramanandam and H.P. Maheswarappa},
  date = {2018},
  journaltitle = {Journal of Plantation Crops},
  volume = {46},
  pages = {124--127},
  file = {/home/aubrey/Zotero/storage/ECM4GUHB/N.B.V. Chalapathi Rao et al 2018.pdf},
  number = {2}
}

@report{nafus_insect_1997,
  title = {An Insect Survey of the {{Federated States}} of {{Micronesia}} and {{Palau}}, {{SPC Tech}}. {{Paper}} 210},
  author = {Nafus, Donald M},
  date = {1997},
  file = {/home/aubrey/Zotero/storage/44C62CH3/NAFUS - 1997 - An insect survey of the Federated States of Micronesia and Palau, SPC Tech. Paper 210.pdf}
}

@article{name_oryctes_2014,
  title = {Oryctes Rhinoceros {{Manual}}},
  author = {Name, Scientific and Name, Common and Position, Taxonomic and Description, Pest},
  date = {2014},
  pages = {1--14},
  file = {/home/aubrey/Zotero/storage/4GZB2WVQ/Oryctes rhinoceros datasheet_Palm_2014.pdf}
}

@article{nazifa_tahir_recent_2011,
  title = {Recent {{Developments}} and {{Recommendations}} for {{Improving Harmonic Radar Tracking Systems}}},
  author = {Nazifa Tahir, Graham Brooker},
  date = {2011},
  journaltitle = {Proceedings of the 5th European Conference on Antennas and Propagation (EUCAP)},
  file = {/home/aubrey/Zotero/storage/4VJEXR83/RecentDevelopment for harmonic radar.pdf}
}

@article{nicola_k._richards_primers_1999,
  title = {Primers for the Detection of {{Oryctes}} Virus from {{Scarabaeidae}} ({{Coleoptera}})},
  author = {NICOLA K. RICHARDS, TRAVIS R. GLARE and IOANE ALOALI'I, TREVOR A. JACKSON},
  date = {1999},
  journaltitle = {Molecular Ecology},
  volume = {8},
  pages = {1551--1561},
  file = {/home/aubrey/Zotero/storage/7TAN9M7B/Primers_for_the_detection_of_Oryctes_vir.pdf}
}

@article{noauthor_epizootiology_1981,
  title = {The Epizootiology of the Baculovirus of the Coconut Palm Rhinoceros Beetle ({{Oryctes}} Rhinoceros) in {{Tonga}}},
  date = {1981},
  journaltitle = {Journal of Invertebrate Pathology},
  volume = {38},
  pages = {362--369},
  number = {3}
}

@online{noauthor_green_nodate,
  title = {Green Waste from {{Typhoon Dolphin}} to Be Disposed of, Finally | {{Local News}} | Postguam.Com},
  url = {http://www.postguam.com/news/local/green-waste-from-typhoon-dolphin-to-be-disposed-of-finally/article_13850354-ce28-11e5-849f-e33b613c0bab.html},
  urldate = {2016-02-09},
  file = {/home/aubrey/Zotero/storage/4UJP6ZX5/article_13850354-ce28-11e5-849f-e33b613c0bab.html}
}

@article{noauthor_notitle_nodate,
  title = {Genetic Variability of {{Indonesian Oryctes}} Rhinoceros Nudivirus ({{OrNV}}) as Genus of {{Alphanudivirus}}},
  author = {SAT RAHAYUWATI1,\ding{170}, YAYI MUNARA KUSUMAH1, SUDHARTO PRAWIROSUKARTO2, DADANG1, TEGUH SANTOSO1,},
  date = {2020},
  journaltitle = {BIODIVERSITAS},
  volume = {21},
  pages = {2047--2055},
  file = {/home/aubrey/Zotero/storage/UH2Z88Z6/Genetic diversity of nudivirus.pdf},
  number = {5}
}

@unpublished{noauthor_oryctes_1985,
  title = {Oryctes Baculovirus Infectivity for {{New Zealand}} Scarabs},
  date = {1985},
  eventtitle = {4th {{Australian Conference}} on {{Grassland Invertebrate Ecology}}},
  type = {Proceedings}
}

@online{noauthor_vanuatu_2019,
  title = {Vanuatu Moves to Combat {{Rhinoceros Beetle}}},
  date = {2019-06-19},
  journaltitle = {RNZ},
  url = {https://www.rnz.co.nz/international/pacific-news/392413/vanuatu-moves-to-combat-rhinoceros-beetle},
  urldate = {2019-06-19},
  file = {/home/aubrey/Zotero/storage/QX7PCC73/vanuatu-moves-to-combat-rhinoceros-beetle.html},
  langid = {newzealand}
}

@online{noauthor_zotero_nodate,
  title = {Zotero | {{Groups}} {$>$} {{CRB}}},
  url = {https://www.zotero.org/groups/511387},
  urldate = {2016-04-17},
  file = {/home/aubrey/Zotero/storage/HWQZKXVP/511387.html}
}

@article{norman_hj_kamarudin_effects_2007,
  title = {The {{Effects}} of {{Mortality}} and {{Influence}} of {{Pheromone Trapping}} on the {{Infestation}} of {{Oryctes}} Rhinoceros in an {{Oil Palm Plantation}}},
  author = {Kamarudin, Norman and Wahid, Mohd Basri and Moslim, Ramle and Ali, Siti Ramlah Ahmad},
  date = {2007},
  journaltitle = {J. Asia-Pacific Entomol.},
  volume = {10},
  pages = {239--250},
  file = {/home/aubrey/Zotero/storage/6WWJTWP6/Norman Hj Kamarudin et al. 2007.pdf},
  number = {3}
}

@article{nur_ain_farhah_ros_saidon_khudri_replication_2016,
  title = {{{REPLICATION OF Oryctes NUDIVIRUS}} ({{OrNV}}) {{IN INSECT CELL LINE DSIR}}-{{HA}}-1179 {{AND ITS INFECTIVITY ON NEONATES OF RHINOCEROS BEETLE}}, {{Oryctes}} Rhinoceros},
  author = {Khudri, Nur Ain Farhah Ros Saidon and Azmi, Wahizatul Afzan and Kamarudin, Norman and Ali, Siti Ramlah Ahmad and Moslim, Ramle},
  date = {2016},
  journaltitle = {J. Oil Palm Research},
  volume = {28},
  pages = {452--462},
  file = {/home/aubrey/Zotero/storage/VUJSW4XA/Nur Ain Farhah Ros ---- et al 2016.pdf},
  number = {4}
}

@article{oehlschlager_current_2005,
  title = {Current Status of Trapping Palm Weevils and Beetles},
  author = {Oehlschlager, Cam and Oehlschlager, A C},
  date = {2005},
  journaltitle = {The Planter},
  volume = {81},
  pages = {123--141},
  url = {http://www.guaminsects.net/CRB/docs/Oehlschlager 2005 trapping palm weevils and beetles.pdf},
  file = {/home/aubrey/Zotero/storage/CXFZNRC8/Oehlschlager - 2005 - Current status of trapping palm weevils and beetles.pdf},
  number = {947}
}

@article{otso_ovaskainen_tracking_2008,
  title = {Tracking Butterfly Movements with Harmonic Radar Reveals an Effect of Population Age on Movement Distance},
  author = {Otso Ovaskainen, Alan D. Smith and Juliet L. Osborne, Don R. Reynolds and Norman L. Carreck, Andrew P. Martinb and Kristjan Niitepold, Ilkka Hanski},
  date = {2008},
  journaltitle = {PNAS},
  volume = {105},
  pages = {19090--19095},
  file = {/home/aubrey/Zotero/storage/65DPI39F/Tracking butterfly movements.pdf},
  number = {49}
}

@article{p._ferron_susceptibility_1975,
  title = {Susceptibility of {{Oryctes}} Rhinoceros {{Adults}} to {{Metarrhizium}} Anisopliae},
  author = {Ferron, P. and Robert, P. H. and Deotte, Annick},
  date = {1975},
  journaltitle = {JOURNAL OF INVERTEBRATE PATHOLOGY},
  volume = {25},
  pages = {313--319},
  file = {/home/aubrey/Zotero/storage/87633NN7/Robert, Ferron - 1975.pdf}
}

@article{p._monsarrat_evidence_1976,
  title = {Evidence of {{Oryctes Virus}} in {{Adult Feces}} and {{New Data}} for {{Virus Characterization}}},
  author = {P. MONSARRAT, J. C. VEYRUNES},
  date = {1976},
  journaltitle = {J. Invertebrate Pathology},
  volume = {27},
  pages = {387--389},
  file = {/home/aubrey/Zotero/storage/X9INXSKK/Monsarrat, P & Veyrunes, J.C. 1976.pdf}
}

@report{p._subramanian_coconut_2018,
  title = {Coconut},
  author = {P. SUBRAMANIAN, C. THAMBAN and VINAYAKA HEGDE, K.B. HEBBAR and RAVI BHAT, V. KRISHNAKUMAR and V. NIRAL, A. JOSEPHRAJKUMAR},
  date = {2018},
  file = {/home/aubrey/Zotero/storage/9U2FH5VN/Coconut English Tech. Bultn.No.133.pdf},
  number = {COCONUT, Technical Bulletin No. 133, ICAR-CPCRI, Kasaragod, 56 p}
}

@report{pallipparambil_new_2015,
  title = {New {{Pest Response Guidelines}}: {{Oryctes}} Rhinoceros ({{L}}.) {{Coleoptera}}:{{Scarabaeidae Coconut Rhinoceros Beetle}}},
  author = {Pallipparambil, Godshen},
  date = {2015},
  pages = {180},
  institution = {{United States Department of Agriculture - Animal and Plant Health Inspection Service - Plant Protection and Quarantine}},
  url = {https://github.com/aubreymoore/detectorBeetles/raw/master/Documents%20for%20paper/USDA%20APHIS%20PPQ%202015.pdf},
  file = {/home/aubrey/Zotero/storage/WNPAN3W5/NPRG Oryctes rhinoceros.pdf}
}

@article{pansuwan_s._incidence_2019,
  title = {Incidence of Coconut Rhinoceros Beetle in Decomposed Oil Palm Empty Fruit Bunches and Control Strategy by {{Metarhizium}} Guizhouense {{PSUM04}}},
  author = {Pansuwan, S. and Kalanuson, K. and Anothai, J. and Thaochan, N.},
  date = {2019},
  journaltitle = {Kaen Kaset = Khon Kaen Agriculture Journal},
  volume = {47},
  pages = {923--930},
  issue = {No.Suppl. 1}
}

@article{payne_c._c._isolation_1974,
  title = {The {{Isolation}} and {{Characterization}} of a {{Virus}} from {{Oryctes}} Rhinoceros},
  author = {Payne, C. C.},
  date = {1974},
  journaltitle = {J. gen. Virology},
  volume = {25},
  pages = {105--116},
  file = {/home/aubrey/Zotero/storage/SW55AAVX/Payne, C. C. 1974.pdf}
}

@article{prior_infectivity_1985,
  title = {The {{Infectivity}} of {{Metarhizium}} Anisopliae of {{Coconuts}}},
  author = {Prior, C and Arura, M},
  date = {1985},
  journaltitle = {Journal of Invertebrate Pathology},
  volume = {45},
  pages = {187--194},
  file = {/home/aubrey/Zotero/storage/IMI3B4F5/Prior, Arura - 1985 - The Infectivity of Metarhizium anisopliae of Coconuts.pdf},
  keywords = {Metarhizium}
}

@article{psychoudakis_portable_2008,
  title = {A {{Portable Low}}-{{Power Harmonic Radar System}} and {{Conformal Tag}} for {{Insect Tracking}}},
  author = {Psychoudakis, D. and Moulder, W. and {Chi-Chih Chen} and {Heping Zhu} and Volakis, J.L.},
  date = {2008},
  journaltitle = {IEEE Antennas and Wireless Propagation Letters},
  shortjournal = {Antennas Wirel. Propag. Lett.},
  volume = {7},
  pages = {444--447},
  issn = {1536-1225, 1548-5757},
  doi = {10.1109/LAWP.2008.2004512},
  url = {http://ieeexplore.ieee.org/document/4601472/},
  urldate = {2020-04-13},
  file = {/home/aubrey/Zotero/storage/95BS4NA8/Psychoudakis et al. - 2008 - A Portable Low-Power Harmonic Radar System and Con.pdf},
  langid = {english}
}

@article{puker_notes_2011,
  title = {Notes on Biology and Behavior of Rhinoceros Beetle Enema Pan ({{Coleoptera}}: {{Scarabaeidae}}: {{Dynastinae}})},
  author = {Puker, A and Rodrigues, S R and Tiago, E F and Ide, S and Fuhrmann, J},
  date = {2011},
  journaltitle = {Annals of the Entomological Society of America},
  volume = {104},
  pages = {919--927},
  doi = {10.1603/AN10197},
  url = {http://www.scopus.com/inward/record.url?eid=2-s2.0-80052496547&partnerID=40&md5=ea08e15dd7c255af47f96716f30ef73c},
  file = {/home/aubrey/Zotero/storage/QT6TB2F6/Puker 2011.pdf},
  keywords = {adult,allometry,beetle,behavioral ecology,Brazil,Coleoptera,color,crop pest,crop plant,Dynastinae,ecotone,laboratory method,longevity,Mato Grosso do Sul,Oryctes rhinoceros,Oryctini,oviposition,Pirapo River,Pleurosticti,Scarabaeidae,sexual selection,turnover},
  number = {5}
}

@article{pushparajan_characterization_2013,
  title = {Characterization of Growth and {{Oryctes}} Rhinoceros Nudivirus Production in Attached Cultures of the {{DSIR}}-{{HA}}-1179 Coleopteran Insect Cell Line.},
  author = {Pushparajan, Charlotte and Claus, Juan Daniel and Marshall, Sean David Goldie and Visnovsky, Gabriel},
  date = {2013-12},
  journaltitle = {Cytotechnology},
  volume = {65},
  pages = {1003--16},
  doi = {10.1007/s10616-013-9632-9},
  eprint = {23979321},
  eprinttype = {pubmed},
  file = {/home/aubrey/Zotero/storage/F75QP5M5/Pushparajan et al. - 2013 - Characterization of growth and Oryctes rhinoceros nudivirus production in attached cultures of the DSIR-HA-1.pdf},
  keywords = {arator á,attachment dependent insect cell,counting á metabolism,dsir-ha-1179 á oryctes,line á cell,rhinoceros nudivirus á heteronychus},
  number = {6}
}

@article{quiroz_first_2017,
  title = {First Intercept of the {{Asiatic}} Coconut Rhinoceros Beetle, {{Oryctes}} Rhinoceros ({{Linnaeus}}, 1758) in {{Mexico}}},
  author = {Quiroz, E. J. and Morales, O. M. and Ram\'irez, O. T. and Villalobos, G. G. and Alarc\'on, M. E. G. and Nolazquez, O. C.},
  date = {2017-02},
  journaltitle = {Revista mexicana de ciencias forestales},
  volume = {8},
  pages = {99--105},
  publisher = {{Instituto Nacional de Investigaciones Forestales, Agr\'icolas y Pecuarias}},
  issn = {2007-1132},
  url = {http://www.scielo.org.mx/scielo.php?script=sci_abstract&pid=S2007-11322017000100099&lng=es&nrm=iso&tlng=en},
  urldate = {2020-05-15},
  file = {/home/aubrey/Zotero/storage/Z65HW3Z7/Jiménez Quiroz et al. - 2017 - Primera intercepción del escarabajo rinoceronte as.pdf;/home/aubrey/Zotero/storage/C5D4NN4J/scielo.html},
  number = {39}
}

@article{quitugua_trifold_2015,
  title = {Trifold {{Pamphlet}}: {{Coconut Rhinoceros Beetle Trapping}}},
  author = {Quitugua, Roland and Sanders, Mariana and Terral, Olympia and Moore, Aubrey},
  date = {2015},
  url = {http://guaminsects.net/anr/sites/default/files/crb-trapping-trifold.pdf},
  keywords = {cfes2015,crbtechreport}
}

@article{r.pradeep_kuma_isolation_2019,
  title = {Isolation, Characterization and Mode of Action of a Larvicidal Compound, 22-Hydroxyhopane from {{Adiantum}} Latifolium {{Lam}}. against {{Oryctes}} Rhinoceros {{Linn}}.},
  author = {R.Pradeep Kuma, K.V.Dinesh Babu and D.A.Evans},
  date = {2019},
  journaltitle = {Pesticide Biochemistry and Physiology},
  volume = {153},
  pages = {161--170}
}

@article{ragoussis_efficient_2007,
  title = {Efficient Synthesis of (+/-)-4-Methyloctanoic Acid, Aggregation Pheromone of Rhinoceros Beetles of the Genus {{Oryctes}} ({{Coleoptera}}: {{Dynastidae}}, {{Scarabaeidae}}).},
  author = {Ragoussis, Valentine and Giannikopoulos, Alexandros and Skoka, Efthymia and Grivas, Panagiotis},
  date = {2007-06},
  journaltitle = {Journal of agricultural and food chemistry},
  volume = {55},
  pages = {5050--2},
  doi = {10.1021/jf0704662},
  eprint = {17530861},
  eprinttype = {pubmed},
  file = {/home/aubrey/Zotero/storage/BSWNFKXA/Ragoussis et al. - 2007 - Efficient synthesis of (-)-4-methyloctanoic acid, aggregation pheromone of rhinoceros beetles of the genus Ory.pdf},
  keywords = {Aldehydes,Aldehydes: chemistry,animals,Beetles,Caprylates,Caprylates: chemical synthesis,Octanoic Acids,Octanoic Acids: chemical synthesis,Pheromones,Pheromones: chemical synthesis},
  number = {13}
}

@article{ramle_incidence_2005,
  title = {The Incidence and Use of {{Oryctes}} Virus for Control of Rhinoceros Beetle in Oil Palm Plantations in {{Malaysia}}.},
  author = {Ramle, M and Wahid, M B and Norman, K and Glare, T R and Jackson, Trevor A},
  date = {2005-05},
  journaltitle = {Journal of invertebrate pathology},
  volume = {89},
  pages = {85--90},
  doi = {10.1016/j.jip.2005.02.009},
  eprint = {16039309},
  eprinttype = {pubmed},
  file = {/home/aubrey/Zotero/storage/GXTV2SFF/Ramle et al. - 2005 - The incidence and use of Oryctes virus for control of rhinoceros beetle in oil palm plantations in Malaysia.pdf;/home/aubrey/Zotero/storage/ZZ2T6N7E/Ramle - 2005 - Incidence and use of Oryctes virus for control of rhinoceros beetle in oil palm plantations in Malaysia.pdf},
  keywords = {animals,Baculoviridae,Baculoviridae: classification,Baculoviridae: genetics,Baculoviridae: pathogenicity,Beetles,Beetles: virology,Biological,coco,DNA,Incidence,Malaysia,pest control,Plant Oils,Trees,Trees: parasitology,Viral,Virus Diseases,Virus Diseases: epidemiology},
  number = {1}
}

@article{ramle_moslim_application_2007,
  title = {{{APPLICATION OF POWDER FORMULATION OF Metarhizium}} Anisopliae {{TO CONTROL Oryctes}} Rhinoceros {{IN ROTTING OIL PALM RESIDUES UNDER LEGUMINOUS COVER CROPS}}},
  author = {Ramle Moslim, Norman Hj Kamarudin and ANG BAN NA and Moslim, Ramle and Kamarudin, Norman and Na, Ang Ban and Ali, Siti Ramlah Ahmad and Wahid, Mohd Basri},
  date = {2007},
  journaltitle = {Journal of Oil Palm Research},
  volume = {19},
  pages = {319--331},
  file = {/home/aubrey/Zotero/storage/WQM64BME/Ramle Mslim et al 2007.pdf}
}

@article{ramle_moslim_molecular_2011,
  title = {Molecular Approaches in the Assassment of {{Oryctes}} Rhinoceros Virus for the Control of Rhinocros Beetle in Oil Palm Plantations},
  author = {Ramle Moslim, Norman Kamarudin and Idris Ghani, Mohd Basri Wahid and Trevor A. Jackson, Tey CC and Modh Ahdly and Moslim, Ramle and Kamarudin, Norman and Ghani, Idris and Wahid, Mohd Basri and Jackson, Trevor A. and Tey, C. C. and Ahdly, A. Mohd},
  date = {2011},
  journaltitle = {J. Oil Palm Research},
  volume = {23},
  pages = {1096--1109},
  file = {/home/aubrey/Zotero/storage/NQKE9STU/Ramle Moslim et al 2011.pdf}
}

@article{ramle_moslim_optimization_2010,
  title = {{{OPTIMIZATION OF THE POLYMERASE CHAIN REACTION}} ({{PCR}}) {{METHOD FOR THE DETECTION OF Oryctes}} Rhinoceros {{VIRUS}}},
  author = {Moslim, Ramle and Ghani, Idris and Wahid, Mohd Basri and Jackson, Trevor A.},
  date = {2010},
  journaltitle = {Journal of Oil Palm Research},
  volume = {22},
  pages = {736--749},
  file = {/home/aubrey/Zotero/storage/MFJTDSI3/JOPR222010OptimizationPCR (1).pdf}
}

@article{reil_low_2016,
  title = {Low {{Variation}} in {{Nuclear}} and {{Mitochondrial DNA Inhibits Resolution}} of {{Invasion Pathways}} across the {{Pacific}} for the {{Coconut Rhinoceros Beetle}} ({{Scarabaeidae}}: {{Oryctes}} Rhinoceros)},
  author = {Reil, J Bradley and Jose, Michael San and Rubinoff, Daniel},
  date = {2016},
  journaltitle = {Proceedings of the Hawaiian Entomological Society},
  volume = {48},
  pages = {57--69},
  file = {/home/aubrey/Zotero/storage/G86D4WH3/Reil et al. - Low Variation in Nuclear and Mitochondrial DNA Inh.pdf},
  langid = {english}
}

@article{reil_transpacific_2018-1,
  title = {Transpacific Coalescent Pathways of Coconut Rhinoceros Beetle Biotypes: Resistance to Biological Control Catalyzes Resurgence of an Old Pest},
  shorttitle = {Transpacific Coalescent Pathways of Coconut Rhinoceros Beetle Biotypes},
  author = {Reil, J. Bradley and Doorenweerd, Camiel and Jose, Michael San and Sim, Sheina and Geib, Scott and Rubinoff, Daniel},
  date = {2018},
  journaltitle = {Molecular Ecology},
  issn = {1365-294X},
  doi = {10.1111/mec.14879},
  url = {https://onlinelibrary.wiley.com/doi/abs/10.1111/mec.14879},
  urldate = {2018-10-10},
  file = {/home/aubrey/Zotero/storage/PSJPLBSK/Reil et al. - 2018 - Transpacific coalescent pathways of coconut rhinoc.pdf;/home/aubrey/Zotero/storage/KTU6UI6L/mec.html},
  langid = {english}
}

@article{report_biological_2014,
  title = {Biological {{Control}} of {{Coconut Rhinoceros Beetle Prepared}} By},
  author = {Report, Semiannual and Grant, Aphis and Moore, Aubrey and Marshall, Sean},
  date = {2014},
  file = {/home/aubrey/Zotero/storage/KBJMQA5T/CRB2014-05-04_0.pdf}
}

@article{robert_lharrison1_elisabeth_aherniou2_anniebezier2_johannes_ajehle3_john_pburand4_david_atheilmann5_peter_jkrell6_monique_mvan_oers7_madokanakai8_and_ictv_report_consortium_ictv_2020,
  title = {{{ICTV Virus Taxonomy Profile}}:~{{Nudiviridae}}},
  author = {Robert L. Harrison1,*, Elisabeth A. Herniou2, Annie B\'ezier2, Johannes A. Jehle3, John P. Burand4, David A. Theilmann5, Peter J. Krell6, Monique M. van Oers7, Madoka Nakai8 {and} ICTV Report Consortium},
  date = {2020},
  journaltitle = {Journal of General Virology},
  volume = {101},
  pages = {3--4},
  file = {/home/aubrey/Zotero/storage/NSZ8CBFP/Nudivirus profile.pdf}
}

@article{roxan_d._pille_potential_2018,
  title = {Potential of {{Organic Waste Substrates}} as {{Attractants}} in {{Log Traps}} for {{Coconut Rhinoceros Beetle}} ({{Oryctes Rhinoceros L}}.)},
  author = {Roxan D. Pille, Ma. Juliet C. Ceniza},
  date = {2018},
  journaltitle = {Journal of Science, Engineering and Technology},
  volume = {6}
}

@article{s_sreekumar_digestive_1988,
  title = {Digestive Enzyme Secretion during Metamorphosis in {{Oryctes}} Rhinoceros ({{Coleoptera}}: {{Scarabaeidae}})},
  author = {S SREEKUMAR, V K K PRABHU},
  date = {1988},
  journaltitle = {Proc. Indian Acad. Sci. (Anim. Sci.)},
  volume = {97},
  pages = {67--71},
  file = {/home/aubrey/Zotero/storage/25SIX394/gut physiology of CRB.pdf},
  number = {1}
}

@article{s._azfar_monitoring_2018,
  title = {Monitoring, {{Detection}} and {{Control Techniques}} of {{Agriculture Pests}} and {{Diseases}} Using {{Wireless Sensor Network}}: {{A Review}}},
  author = {S. Azfar, A.Nadeem and A.B. Alkhodre, K.Ahsan and N. Mehmood, T.Alghmdi and Y.Alsaawy},
  date = {2018},
  journaltitle = {International Journal of Advanced Computer Science and Applications},
  volume = {9},
  pages = {424--433},
  file = {/home/aubrey/Zotero/storage/4XZVHCTK/Monitoring_Detection_and_Control_Techniques.pdf},
  number = {12}
}

@article{s._p._jayawardena_effective_2013,
  title = {Effective {{Inoculation Method}} and {{Optimum Concentration}} of {{Oryctes Virus}} to {{Infect Oryctes}} Rhinoceros {{Adults}}},
  author = {S. P. Jayawardena},
  date = {2013},
  journaltitle = {European International Journal of Science and Technology},
  volume = {2},
  pages = {188--194},
  file = {/home/aubrey/Zotero/storage/GKGVX43A/Effective Inoculation Method and Optimum Concentration of.pdf},
  number = {8}
}

@article{s._p._jayawardena_effective_2013-1,
  title = {Effective {{Inoculation Method}} and {{Optimum Concentration}} of {{Oryctes Virus}} to {{Infect Oryctes}} Rhinoceros {{Adults}}},
  author = {S. P. Jayawardena},
  date = {2013},
  journaltitle = {European International Journal of Science and Technology},
  volume = {2},
  pages = {188--194},
  file = {/home/aubrey/Zotero/storage/6N4JDIC8/16.pdf},
  number = {8}
}

@article{said_adaptation_2006,
  title = {Adaptation of a Four-Arm Olfactometer for Behavioural Bioassays of Large Beetles},
  author = {Said, Imen and de la Torre, Rosa Aldana and Morin, Jean-Paul and Rochat, Didier and Sa\"id, Imen and Torre, Rosa Aldana De La and Morin, Jean-Paul and Rochat, Didier and Said, Imen},
  date = {2006-10},
  journaltitle = {Chemoecology},
  volume = {16},
  pages = {9--16},
  doi = {10.1007/s00049-005-0320-x},
  url = {http://www.guaminsects.net/CRB/docs/Said 2006 Adaptation of a four-arm olfactometer for behavioural bioassays of large beetles\%00fd.pdf},
  file = {/home/aubrey/Zotero/storage/W8FSD3QK/Saïd et al. - 2005 - Adaptation of a four-arm olfactometer for behavioural bioassays of large beetles.pdf},
  keywords = {Aggregation pheromone,Coleoptera,curculionidae,four-arm olfactometer,Oryctes rhinoceros,palm beetles,palmarum,rhynchophorus,Scarabaeidae,strategus aloeus,system,volatile delivery},
  number = {1},
  options = {useprefix=true}
}

@article{sanders_coconut_nodate,
  title = {Coconut {{Rhinoceros Beetle Behavior}} and {{Biology Guam Invasive Species Hotline}}},
  author = {Sanders, Mariana and Quitugua, Roland and Terral, Olympia and Moore, Aubrey},
  file = {/home/aubrey/Zotero/storage/H9VXVKRC/crb-behavior-biology(1).pdf}
}

@article{schipper_mass_1976,
  title = {Mass Rearing the Coconut Rhinoceros Beetle, {{Oryctes}} Rhinoceros {{L}}. ({{Scarab}}., {{Dynastinae}})},
  author = {Schipper, C. M.},
  date = {1976},
  journaltitle = {Zeitschrift f\"ur Angewandte Entomologie},
  volume = {81},
  pages = {21--25},
  issn = {1439-0418},
  doi = {10.1111/j.1439-0418.1976.tb04206.x},
  url = {http://dx.doi.org/10.1111/j.1439-0418.1976.tb04206.x},
  file = {/home/aubrey/Zotero/storage/W25JPDFB/0.pdf},
  number = {1-4}
}

@online{secretariat_of_the_pacific_community_pest_2017,
  title = {Pest {{Alert}} 52: {{A New Biotype}} of {{Coconut Rhinoceros Beetle Discovered}} in the {{Pacific}}},
  author = {{Secretariat of the Pacific Community}},
  date = {2017},
  url = {https://www.spc.int/sites/default/files/documents/blog/Pest-Alert-52-Coconut-Rhino-Beetle_finaledits.pdf},
  urldate = {2020-04-18},
  file = {/home/aubrey/Zotero/storage/MGS56TVN/Pest-Alert-52-Coconut-Rhino-Beetle_finaledits.pdf}
}

@article{seokhyun_lee_establishment_2019,
  title = {Establishment of a Loop-mediated Isothermal Amplification System for On-site Diagnosis of {{Oryctes}} Rhinoceros Nudivirus in {{Allomyrina}} Dichotoma ({{Coleoptera}}: {{Scarabaeidae}})},
  author = {Seokhyun Lee, Heesam Lee and Kwanho Park},
  date = {2019},
  journaltitle = {Entomological Research}
}

@article{seokhyun_lee_first_2015,
  title = {First Report of {{Oryctes}} Rhinoceros Nudivirus ({{Coleoptera}}: {{Scarabaeidae}}) Causing Severe Disease in {{Allomyrina}} Dichotoma in {{Korea}}},
  author = {Seokhyun Lee, Kwan-Ho Park and Sung-Hee Nam, Kyu-Won-Kwak and Ji-Young Choi},
  date = {2015},
  journaltitle = {J. of Insect Science},
  volume = {15},
  file = {/home/aubrey/Zotero/storage/PTDJWJMA/Seokhyun Lee et al. 2015.pdf},
  number = {26}
}

@article{shelomi_transcriptome_2019,
  title = {Transcriptome and Microbiome of Coconut Rhinoceros Beetle ({{Oryctes}} Rhinoceros) Larvae},
  author = {Shelomi, Matan and Shin-Shun, Lin and Li-Yu, Liu},
  date = {2019-12},
  journaltitle = {BMC Genomics},
  volume = {20:957},
  file = {/home/aubrey/Zotero/storage/RI4A87H4/s12864-019-6352-3.pdf}
}

@article{shizu_watanabe_brandi-leigh_adams_alexandra_kong_nelson_masangjr__tomie_vowell_and_michael_melzer1_identification_2019,
  title = {Identification of {{Genes That Result}} in {{High Mortality}} of {{Oryctes}} Rhinoceros ({{Scarabaeidae}}: {{Coleoptera}}) {{When Targeted Using}} an {{RNA Interference Approach}}: {{Implications}} for {{Large Invasive Insects}}},
  author = {Shizu Watanabe, Brandi-Leigh Adams, Alexandra Kong, Nelson Masang Jr.,  Tomie Vowell, {and} Michael Melzer1},
  date = {2019},
  journaltitle = {Annals of the Entomological Society of America},
  volume = {20},
  pages = {1--8},
  file = {/home/aubrey/Zotero/storage/XGPKZWGK/RNAi CRB.pdf},
  number = {10}
}

@article{shyam_prasad_bio-suppression_2008,
  title = {Bio-Suppression of Coconut Rhinoceros Beetle, {{Oryctes}} Rhinoceros {{L}}. ({{Coleoptera}}: {{Scarabaeidae}}) by {{Oryctes}} Baculovirus ({{Kerala}} Isolate) in {{South Andaman}}, {{India}}},
  author = {Shyam Prasad, G. and Jayakumar, V. and Ranganath, H.R. and Bhagwat, V.R.},
  date = {2008-06},
  journaltitle = {Crop Protection},
  volume = {27},
  pages = {959--964},
  doi = {10.1016/j.cropro.2007.11.017},
  url = {http://linkinghub.elsevier.com/retrieve/pii/S0261219407003195},
  file = {/home/aubrey/Zotero/storage/TFZ7RR6P/Shyam Prasad et al. - 2008 - Bio-suppression of coconut rhinoceros beetle, Oryctes rhinoceros L. (Coleoptera Scarabaeidae) by Oryctes ba.pdf},
  number = {6}
}

@report{siderhurst_research_2012,
  title = {Research in {{Support}} of the {{Guam Coconut Rhinoceros Beetle Eradication Project}}: {{Y}}-Tube {{Olfactometer Bioassays}}, {{May}} 2012},
  author = {Siderhurst, Matt and Derstine, Nate and Moore, Aubrey},
  date = {2012},
  file = {/home/aubrey/Zotero/storage/2F6B6P4F/Siderhurst, Derstine, Moore - 2012 - Research in Support of the Guam Coconut Rhinoceros Beetle Eradication Project Y-tube Olfactometer B.pdf}
}

@article{siti_lusi_arum_sari_cellulolytic_2016,
  title = {Cellulolytic and Hemicellulolytic Bacteria from the Gut of {{Oryctes}} Rhinoceros Larvae},
  author = {SITI LUSI ARUM SARI, ARTINI PANGASTUTI and ARI SUSILOWATI, TJAHJADI PURWOKO and EDWI MAHAJOENO, WAHYU HIDAYAT and IKOW MARDHENA, DANIEL FAJAR PANUNTUN and DEWI KURNIAWATI and ROBIAH ANITASARI},
  date = {2016},
  journaltitle = {BIODIVERSITAS},
  volume = {17},
  pages = {78--83},
  file = {/home/aubrey/Zotero/storage/EUHG4F4D/Cellulolytic and hemicellulolytic bacteria from the git of O. rhinoceros.pdf},
  number = {1}
}

@article{sivakumar_occurrence_2013,
  title = {Occurrence of Rhinoceros Beetle, {{Oryctes}} Rhinoceros ({{L}}.), on Banana Cultivars in {{Kerala}}},
  author = {Sivakumar, T. and Mohan, Chandrika},
  date = {2013},
  journaltitle = {Pest Management in Horticultural Ecosystems},
  volume = {19},
  pages = {99--101},
  file = {/home/aubrey/Zotero/storage/ZQXE8M73/T. SIVAKUMAR, CHANDRIKA MOHAN 2013.pdf},
  number = {1}
}

@report{smith_early_2008,
  title = {Early {{Detection Pest Risk Assessment Coconut Rhinoceros Beetle}}},
  author = {Smith, Sheri Lee and Moore, Aubrey},
  date = {2008},
  pages = {1--6},
  file = {/home/aubrey/Zotero/storage/22RZETFW/CRB-.pdf}
}

@article{stephan_wolf_so_2014,
  title = {So {{Near}} and {{Yet So Far}}: {{Harmonic Radar Reveals Reduced Homing Ability}} of {{Nosema Infected Honeybees}}},
  author = {Stephan Wolf, Dino P. McMahon and Ka S. Lim, Christopher D. Pull and Suzanne J. Clark, Robert J. Paxton and Juliet L. Osborne},
  date = {2014},
  journaltitle = {PLOS ONE},
  volume = {9},
  pages = {e103989},
  file = {/home/aubrey/Zotero/storage/AG6QZGZC/Harmonic radar reveals.pdf},
  number = {8}
}

@article{susamto_somowiyarjo_propagation_1996,
  title = {Propagation and Purification of Baculovirus {{Oryctes Huger}}},
  author = {Susamto Somowiyarjo, Y. B. Sumardiyono and Sedyo Hartono Triharso},
  date = {1996},
  journaltitle = {Indian J. Plant Protection},
  volume = {1},
  pages = {38--40},
  file = {/home/aubrey/Zotero/storage/WTKSUI3Q/Susamto Somowiyarjo et al. 1996.pdf},
  number = {1}
}

@article{susanta_k._behura_molecular_2006,
  title = {Molecular Marker Systems in Insects: Current Trends and Future Avenues},
  author = {SUSANTA K. BEHURA},
  date = {2006},
  journaltitle = {Molecular Ecology (Invited Review)},
  volume = {15},
  pages = {3087--3113},
  file = {/home/aubrey/Zotero/storage/QIABRKWZ/SUSANTA K. BEHURA 2006.pdf}
}

@article{swan_review_1974,
  title = {A Review of the Work on Predators, Parasites and Pathogens for the Control of {{Oryctes}} Rhinoceros ({{Coleoptera}}: {{Scarabaeidae}}) in the {{Pacific}} Area},
  author = {Swan, D. I.},
  date = {1974},
  journaltitle = {Commonwealth Institute of Biological Control Miscellaneous Pulication No. 7},
  file = {/home/aubrey/Zotero/storage/AH3PXXRS/Swan 1974.pdf},
  keywords = {Metarhizium}
}

@article{t._srinivasan_validation_2018,
  title = {Validation of Integrated Pest Management Strategy against Coconut Rhinoceros Beetle, {{Oryctes}}  Rhinoceros {{L}}. ({{Scarabaeidae}}: {{Coleoptera}})},
  author = {Srivasan, T. and Rajamanickam, K. and Mohan, Chandrika and Makeswarappa, H. P.},
  date = {2018},
  journaltitle = {Journal of Plantation Crops},
  volume = {46},
  pages = {8--11},
  file = {/home/aubrey/Zotero/storage/84IF6VW6/Validation of integrated pest management strategy... JPC.pdf},
  number = {1}
}

@article{terral_coconut_nodate,
  title = {Coconut {{Rhinoceros Beetle Behavior}} and {{Biology}}},
  author = {Terral, Olympia and Moore, Aubrey},
  pages = {1--3},
  file = {/home/aubrey/Zotero/storage/PRCKNXKI/crb-behavior-2col.pdf;/home/aubrey/Zotero/storage/RTZIAJBG/CRB-Behavior-and-Biology1.pdf}
}

@article{terral_poster_2014-3,
  title = {Poster: {{Life Cycle}} of the {{Coconut Rhinoceros Beetle}}, {{Oryctes}} Rhinoceros},
  author = {Terral, Olympia and Quitugua, Roland and Moore, Aubrey},
  date = {2014},
  url = {http://guaminsects.net/anr/sites/default/files/rhinofinal_0.pdf},
  keywords = {coconut rhinoceros beetle}
}

@unpublished{trevor_jackson_rhinoceros_2012,
  title = {Rhinoceros Beetle Management in the {{Pacific}}},
  author = {Trevor Jackson, Sean Marshall},
  date = {2012}
}

@article{tsatsia_status_nodate,
  title = {The Status of {{Coconut Rhinoceros Beetle}}, {{Oryctes}} Rhinoceros ({{L}}) {{Scarabaeidae}} : {{Dynastinae}}, in {{Solomon Islands}}.},
  author = {Tsatsia, Francis and Wratten, Hilda and Gharuka, Maria and Fanai, Crispus and Wate, Dudley and Tsatsia, Helen and Macfarlane, Bob},
  pages = {5},
  file = {/home/aubrey/Zotero/storage/3ZYXXR7I/Tsatsia et al. - The status of Coconut Rhinoceros Beetle, Oryctes r.pdf},
  langid = {english}
}

@article{ug_coconut_nodate,
  title = {Coconut {{Rhinoceros Beetle}} , {{Oryctes}} Rhinoceros {{Coleoptera}} : {{Scarabaeidae A Major Threat}} to {{Hawaii}} ' s {{Coconut}} and {{Palm Trees}}},
  author = {Ug, Aubrey Moore},
  file = {/home/aubrey/Zotero/storage/JU6JF4Z7/Ug - Unknown - Coconut Rhinoceros Beetle , Oryctes rhinoceros Coleoptera Scarabaeidae A Major Threat to Hawaii ’ s Coconut and Palm T.pdf}
}

@online{usda-aphis_crb_2019,
  title = {{{CRB Import Permit}}},
  author = {USDA-APHIS},
  date = {2019-07-05},
  url = {https://github.com/aubreymoore/CRB-Import-Permit/blob/master/2019-CRB-Import-Permit.pdf}
}

@misc{usda-aphis_usda-aphis_2020,
  title = {{{USDA}}-{{APHIS Permit P526}}-20-02667: {{OrNV}}; {{Expires}} 2023-06-01},
  author = {{USDA-APHIS}},
  date = {2020-06-01},
  file = {/home/aubrey/Zotero/storage/75V8E57H/USDA-APHIS - 2020 - USDA-APHIS Permit P526-20-02667 OrNV\; Expires 202.pdf}
}

@article{valan_automated_2019,
  title = {Automated {{Taxonomic Identification}} of {{Insects}} with {{Expert}}-{{Level Accuracy Using Effective Feature Transfer}} from {{Convolutional Networks}}},
  author = {Valan, Miroslav and Makonyi, Karoly and Maki, Atsuto and Vondr\'a\v{c}ek, Dominik and Ronquist, Fredrik},
  editor = {Buckley, Thomas},
  date = {2019-03-02},
  journaltitle = {Systematic Biology},
  issn = {1063-5157, 1076-836X},
  doi = {10.1093/sysbio/syz014},
  url = {https://academic.oup.com/sysbio/advance-article/doi/10.1093/sysbio/syz014/5368535},
  urldate = {2019-07-16},
  file = {/home/aubrey/Zotero/storage/FK3KLMMI/Valan et al. - 2019 - Automated Taxonomic Identification of Insects with.pdf},
  langid = {english}
}

@article{vander_meer_+---n-morphinan_1979,
  title = {(+-)-{{Des}}-{{N}}-{{Morphinan}}: A Unique Bridged Hydrocarbon Attractant for the Rhinoceros Beetle, {{Oryctes}} Rhinoceros, and Development of an Olfactometer},
  author = {Vander Meer, Robert K and Ghatak, Usha R. and Alam, Shaikh Khairul and Chakraborti, Prabir C. and Alam, Khairul Shaikh and Chakraborti, Prabir C.},
  date = {1979},
  journaltitle = {Environmental Entomology},
  volume = {8},
  pages = {6--10},
  file = {/home/aubrey/Zotero/storage/CADD6QIE/Vander Meer 1979.pdf;/home/aubrey/Zotero/storage/HS5I6GMJ/Vander Meer et al. - 1979 - (-)-Des-N-Morphinan a unique bridged hydrocarbon attractant for the rhinoceros beetle, Oryctes rhinoceros, a.pdf},
  number = {1}
}

@article{vander_meer_indirect_1975,
  title = {Indirect {{Methods}} of {{Determining}} the {{Emergent Weight}} of {{Oryctes}} Rhinoceros ({{L}}.)},
  author = {Vander Meer, Robert K and Mclean, J A},
  date = {1975},
  journaltitle = {Annals of the Entomological Society of America},
  volume = {68},
  pages = {867--868},
  file = {/home/aubrey/Zotero/storage/4ZBIADU5/Vander Meer, Mclean - 1975 - Indirect Methods of Determining the Emergent Weight of Oryctes rhinoceros (L.).pdf},
  number = {5}
}

@article{vander_meer_per_1987,
  title = {Per Cent Emergent Weight: A Roadmap to Adult Rhinoceros Beetle, {{Oryctes}} Rhinoceros, Behaviour},
  author = {Vander Meer, Robert K},
  date = {1987},
  journaltitle = {Journal of Insect Physiology},
  volume = {33},
  pages = {437--441},
  url = {http://www.guaminsects.net/CRB/docs/VanderMeer1986.pdf},
  file = {/home/aubrey/Zotero/storage/GZJ4MMF6/Vander Meer - 1987 - Per cent emergent weight a roadmap to adult rhinoceros beetle, Oryctes rhinoceros, behaviour.pdf},
  number = {6}
}

@article{vandermeer_structure-activity_1983,
  title = {Structure-Activity Correlations for Derivatives of Siglure-Attractants for {{Oryctes}} Rhinoceros {{L}}. ({{Coleoptera}}, {{Scarabaeidae}})},
  author = {Vandermeer, R K and McGovern, T P},
  date = {1983},
  journaltitle = {Journal of Economic Entomology},
  volume = {76},
  pages = {723--727},
  file = {/home/aubrey/Zotero/storage/A2PDZKJQ/Vander Meer 1983.pdf},
  keywords = {ANT,ATTRACTANT,Coleoptera,pheromone,QUEENS,SOCIAL INSECT,SOLENOPSIS,STRUCTURE ACTIVITY,TRAIL},
  number = {4}
}

@misc{vaqalo_coconut_2017,
  title = {The {{Coconut Rhinoceros Beetle}} in the {{Solomon Islands}}: {{A Rapid Damage Assessment}} of {{Coconut Palms}} on {{Guadalcanal}}},
  author = {Vaqalo, Maclean and Timote, Visoni and Baiculacula, Senimili and Suda, Gideon and Kwainarara, Frank},
  date = {2017-06},
  file = {/home/aubrey/Zotero/storage/LJDIQZYA/Vaqalo et al. - 2017 - The Coconut Rhinoceros Beetle in the Solomon Islan.pdf}
}

@article{vaqalo_pest_2015,
  title = {Pest {{Alert}} 51: {{An}} Emerging Biotype of Coconut Rhinoceros Beetle Discovered in the {{Pacific}}},
  author = {Vaqalo, Maclean and Marshall, Sean and Jackson, Trevor and Moore, Aubrey},
  date = {2015},
  pages = {2--2},
  url = {http://westernipm.org/index.cfm/center-projects/signature-programs/invasive-species/coconut-rhinoceros-beetle/pest-alert-coconut-rhino-beetle-final-pdf/},
  file = {/home/aubrey/Zotero/storage/HNJB546G/Pest Alert_Coconut Rhino Beetle final.pdf}
}

@report{vargo_coconut_2000,
  title = {Coconut {{Rhinoceros Beetle}} ({{Oryctes}} Rhinoceros)},
  author = {Vargo, Agnes},
  date = {2000-01},
  institution = {{Agricultural Development in the American Pacific Project}},
  url = {http://scholarspace.manoa.hawaii.edu/handle/10125/32711},
  urldate = {2019-08-22},
  file = {/home/aubrey/Zotero/storage/GNCQMFN3/Vargo - 2000 - Coconut Rhinoceros Beetle (Oryctes rhinoceros).pdf;/home/aubrey/Zotero/storage/2S3N4NIG/32711.html},
  langid = {american},
  type = {Report}
}

@article{vuts_semiochemistry_2014,
  title = {Semiochemistry of the {{Scarabaeoidea}}},
  author = {Vuts, J\'ozsef and Imrei, Zolt\'an and Birkett, Michael A. and Pickett, John A. and Woodcock, Christine M. and T\'oth, Mikl\'os},
  date = {2014},
  journaltitle = {Journal of Chemical Ecology},
  volume = {40},
  pages = {190--210},
  issn = {0098-0331},
  url = {https://www.academia.edu/22382000/Semiochemistry_of_the_Scarabaeoidea},
  urldate = {2020-02-12},
  file = {/home/aubrey/Zotero/storage/CWRKGH9N/Vuts et al. - Semiochemistry of the Scarabaeoidea.pdf},
  langid = {english},
  number = {2}
}

@article{vuts_semiochemistry_2014-1,
  title = {Semiochemistry of the {{Scarabaeoidea}}},
  author = {Vuts, J\'ozsef and Imrei, Zolt\'an and Birkett, Michael A. and Pickett, John A. and Woodcock, Christine M. and T\'oth, Mikl\'os},
  date = {2014},
  journaltitle = {Journal of Chemical Ecology},
  volume = {40},
  pages = {190--210},
  issn = {0098-0331},
  url = {https://www.academia.edu/22382000/Semiochemistry_of_the_Scarabaeoidea},
  urldate = {2020-03-12},
  file = {/home/aubrey/Zotero/storage/F6LBZ94Q/Vuts et al. - Semiochemistry of the Scarabaeoidea.pdf},
  langid = {english},
  number = {2}
}

@article{wang_toxicity_2005-1,
  title = {Toxicity of Four Systemic Neonicotinoids to Adults of {{Anoplophora}} Glabripennis ({{Coleoptera}}: {{Cerambycidae}})},
  author = {Wang, Baode and Gao, Ruitong and Mastro, Victor C and Reardon, Richard C},
  date = {2005},
  journaltitle = {Journal of Economic Entomology},
  volume = {98},
  pages = {2292--2300},
  url = {http://www.guaminsects.net/doc/oryctes/wang},
  file = {/home/aubrey/Zotero/storage/JN7AKCM5/Wang et al. - 2005 - Toxicity of four systemic neonicotinoids to adults of textit Anoplophora glabripennis (Coleoptera Cerambycidae).pdf},
  number = {6}
}

@article{watanabe_identification_2020,
  title = {Identification of {{Genes That Result}} in {{High Mortality}} of {{Oryctes}} Rhinoceros ({{Scarabaeidae}}: {{Coleoptera}}) {{When Targeted Using}} an {{RNA Interference Approach}}: {{Implications}} for {{Large Invasive Insects}}},
  shorttitle = {Identification of {{Genes That Result}} in {{High Mortality}} of {{Oryctes}} Rhinoceros ({{Scarabaeidae}}},
  author = {Watanabe, Shizu and Adams, Brandi-Leigh and Kong, Alexandra and Masang, Nelson and Vowell, Tomie and Melzer, Michael},
  date = {2020},
  journaltitle = {Annals of the Entomological Society of America},
  shortjournal = {Ann Entomol Soc Am},
  doi = {10.1093/aesa/saz057},
  url = {https://academic.oup.com/aesa/advance-article/doi/10.1093/aesa/saz057/5748292},
  urldate = {2020-03-21},
  file = {/home/aubrey/Zotero/storage/IQ7R92ZU/5748292.html},
  langid = {english}
}

@article{watanabe_multiplex_2017,
  title = {A {{Multiplex PCR Assay}} for {{Differentiating Coconut Rhinoceros Beetle}} ({{Coleoptera}}: {{Scarabaeidae}}) {{From Oriental Flower Beetle}} ({{Coleoptera}}: {{Scarabaeidae}}) in {{Early Life Stages}} and {{Excrement}}},
  shorttitle = {A {{Multiplex PCR Assay}} for {{Differentiating Coconut Rhinoceros Beetle}} ({{Coleoptera}}},
  author = {Watanabe, S. and Melzer, M. J.},
  date = {2017-04-01},
  journaltitle = {Journal of Economic Entomology},
  shortjournal = {J Econ Entomol},
  volume = {110},
  pages = {678--682},
  issn = {0022-0493},
  doi = {10.1093/jee/tow299},
  url = {https://academic.oup.com/jee/article/110/2/678/2929445},
  urldate = {2018-07-15},
  file = {/home/aubrey/Zotero/storage/CHPUD3CE/Watanabe and Melzer - 2017 - A Multiplex PCR Assay for Differentiating Coconut .pdf;/home/aubrey/Zotero/storage/XSMJ9T4F/2929445.html},
  langid = {english},
  number = {2}
}

@unpublished{watanabe_survey_2016-1,
  title = {Survey	 for {{Oryctes}} Rhinoceros Nudivirus ({{OrNV}}) in a {{Hawaiian}}	coconut Rhinoceros Beetle ({{Oryctes}} Rhinoceros) Population and	genetic Diversity of {{Pacific}}	isolates of  {{OrNV}}},
  author = {Watanabe, Shizu and Melzer, Michael},
  date = {2016},
  url = {http://www.sipweb.org/docs/Abstract_book_SIP_2016.pdf},
  urldate = {2018-07-31},
  eventtitle = {49th {{Annual Meeting}} of the {{Society}} for {{Invertebrate Pathology}}},
  file = {/home/aubrey/Zotero/storage/XJ7RU6N3/Watanabe - 2016 - Survey  for Oryctes rhinoceros nudivirus (OrNV) in.pdf},
  type = {poster},
  venue = {{Tours, France}}
}

@article{wertheim_pheromone-mediated_2005,
  title = {Pheromone-Mediated Aggregation in Nonsocial Arthropods: An Evolutionary Ecological Perspective.},
  author = {Wertheim, Bregje and Van Baalen, Erik-Jan A and Dicke, Marcel and Vet, Louise E M},
  date = {2005},
  journaltitle = {Annual Review of Entomology},
  volume = {50},
  pages = {321--346},
  eprint = {15355243},
  eprinttype = {pubmed},
  keywords = {animals,arthropods,arthropods physiology,environment,evolution,Pheromones,pheromones physiology,reproduction,social behavior,Species Specificity},
  number = {94}
}

@article{y._wang_genomic_2007,
  title = {Genomic Analysis of {{Oryctes}} Rhinoceros Virus Reveals Genetic Relatedness to {{Heliothis}} Zea Virus 1},
  author = {Y. Wang, M. M. van Oers and A. M. Crawford, J. M. Vlak and J. A. Jehle},
  date = {2007},
  journaltitle = {Archives of Virology},
  volume = {152},
  pages = {519--531},
  file = {/home/aubrey/Zotero/storage/D344CG8E/Wang, Y. et al. 2007.pdf}
}

@article{yamini_varma_c.k_efficacy_2013,
  title = {Efficacy of Ecofriendly Management against {{Rhinoceros}} Beetle Grubs in Coconut},
  author = {Yamini Varma C.K},
  date = {2013},
  journaltitle = {J. Biopest},
  volume = {6},
  pages = {101--103},
  file = {/home/aubrey/Zotero/storage/7ZB6BZNB/Yamini Varma C.K 2013.pdf},
  number = {2}
}

@article{yong-jie_wang_nudivirus_2007,
  title = {Nudivirus {{Genomics}}: {{Diversity}} and {{Classification}}},
  author = {Yong-jie Wang, John P. Burand and Johannes A. Jehle},
  date = {2007},
  journaltitle = {Virologica Sinica},
  volume = {22},
  pages = {128--136},
  file = {/home/aubrey/Zotero/storage/AZ4V8I2R/Yong-jie Wang ei al. 2007.pdf},
  number = {2}
}

@article{young_recent_1982,
  title = {Recent Work on Biological Control in {{Papua New Guinea}} and Some Suggestions for the Future{${_\ast}$}},
  author = {Young, G. R.},
  date = {1982},
  journaltitle = {Tropical Pest Management},
  volume = {28},
  pages = {107--114},
  doi = {10.1080/09670878209370686},
  file = {/home/aubrey/Zotero/storage/W4Z3MPK5/Young982GR.pdf},
  number = {2}
}

@article{young_rhinoceros_1986,
  title = {The Rhinoceros Beetle Project: History and Review of the Research Programme},
  author = {Young, E C},
  date = {1986},
  journaltitle = {Agriculture, Ecosystems and Environment},
  volume = {15},
  pages = {149--166},
  file = {/home/aubrey/Zotero/storage/IPMACFUU/Young - 1986 - The rhinoceros beetle project history and review of the research programme.pdf}
}

@article{yudin_our_2012,
  title = {Our {{Island Without Coconut Trees}}, {{Could It Happen}}: {{Coconut Rhinoceros Beetle}}},
  author = {Yudin, Lee S and Moore, Aubrey},
  date = {2012},
  journaltitle = {Inspire Local Magazine}
}

@article{zelazny_b._occurrence_1977,
  title = {Occurrence of the Baculovirus Disease of the Coconut Palm Rhinoceros Beetle in the {{Philippines}} and in {{Indonesia}}},
  author = {Zelazny, Bernhard},
  date = {1977},
  journaltitle = {FAO Plant Protection Bulletin},
  volume = {25},
  pages = {73--77},
  number = {2}
}

@article{zelazny_b._preparation_1987,
  title = {Preparation of a Baculovirus Inoculum for Use by Coconut Farmers to Control Rhinoceros Beetle ({{Oryctes}} Rhinoceros)},
  author = {Zelazny, Bernhard and Alfiler, A. R. and Crawford, Allan M},
  date = {1987},
  journaltitle = {FAO Plant Protection Bulletin \ldots}
}

@article{zelazny_ecological_1987,
  title = {Ecological Methods for Adult Populations of {{Oryctes}} Rhinoceros ({{Coleoptera}}, {{Scarabaeidae}})},
  author = {Zelazny, B. and Alfiler, A. R.},
  date = {1987},
  journaltitle = {Ecological Entomology},
  volume = {12},
  pages = {227--238},
  file = {/home/aubrey/Zotero/storage/XJ3BM8VP/Zelazny, Alfiler - 1987 - Ecological methods for adult populations of Oryctes rhinoceros (Coleoptera, Scarabaeidae).pdf}
}

@article{zelazny_ecology_1991,
  title = {Ecology of Baculovirus-Infected and Healthy Adults of {{Oryctes}} Rhinoceros ({{Coleoptera}}: {{Scarabeidae}}) on Coconut Palms in the {{Philippines}}},
  author = {Zelazny, B. and Alfiler, A. R.},
  date = {1991},
  journaltitle = {Ecological Entomology},
  volume = {16},
  pages = {253--259},
  file = {/home/aubrey/Zotero/storage/E55UWZXH/Zelazny, Alfiler - 1991 - Ecology of baculovirus-infected and healthy adults of Oryctes rhinoceros (Coleoptera Scarabeidae) on coconut p.pdf}
}

@article{zelazny_oryctes_1977,
  title = {Oryctes Rhinoceros Populations and Behavior Influenced by a Baculovirus},
  author = {Zelazny, B.},
  date = {1977},
  journaltitle = {Journal of Invertebrate Pathology},
  volume = {215},
  pages = {210--215},
  file = {/home/aubrey/Zotero/storage/DFRZ5S7A/Zelazny - 1977 - Oryctes rhinoceros populations and behavior influenced by a baculovirus.pdf}
}

@article{zelazny_oryctes_1986,
  title = {Oryctes Rhinoceros ({{Coleoptera}}: {{Scarabaeidae}}). {{Larva}} Abundance and Mortality Factors in the {{Philippines}}},
  author = {Zelazny, B and Alfiler, A},
  date = {1986},
  journaltitle = {Environmental Entomology},
  volume = {15},
  pages = {84--87},
  url = {://ZOOREC:ZOOR12300013472},
  file = {/home/aubrey/Zotero/storage/I8Q6XXE6/84.full.pdf},
  keywords = {arthropods,Asia,Beetles,Diseases and disorders,Ecology,Eurasia,Host parasite relationships,insects,invertebrates,Land zones,Microbial diseases,Oriental region,Parasites diseases and disorders,Population dynamics},
  number = {1}
}

@article{zelazny_phytophagous_1982,
  title = {Phytophagous Insects Associated with Cadang-Cadang Infected and Healthy Coconut Palms in {{South}}-Eastern {{Luzon}}, {{Philippines}}},
  author = {ZELAZNY, B and PCA, E PACUMBABA},
  date = {1982},
  journaltitle = {Ecological Entomology},
  volume = {7},
  pages = {113--120},
  doi = {10.1111/j.1365-2311.1982.tb00649.x},
  url = {http://dx.doi.org/10.1111/j.1365-2311.1982.tb00649.x},
  keywords = {Cadangxadang,coconut palms,Coleoptera,Hemiptera,Homoptera,Orthoptera,viroid.},
  number = {1}
}

@article{zelazny_possibility_1989,
  title = {Possibility of Resistance to a Baculovirus in Populations of the Coconut Rhinoceros Beetle, {{Oryctes}} Rhinoceros},
  author = {Zelazny, Bernhard and Alfiler, A. R. and Lolong, A.},
  date = {1989},
  journaltitle = {FAO Plant Protection Bull.},
  volume = {37},
  pages = {77--82},
  file = {/home/aubrey/Zotero/storage/JGZI6CK6/FAOPlantProtBull_1989_37_p77-82.pdf},
  number = {2}
}

@article{zelazny_studies_1973,
  title = {Studies on {{Rhabdionvirus}} Oryctes: {{III}}. {{Incidence}} in the {{Oryctes}} Rhinoceros Population of {{Western Samoa}}},
  shorttitle = {Studies on {{Rhabdionvirus}} Oryctes},
  author = {Zelazny, B.},
  date = {1973-11-01},
  journaltitle = {Journal of Invertebrate Pathology},
  shortjournal = {Journal of Invertebrate Pathology},
  volume = {22},
  pages = {359--363},
  issn = {0022-2011},
  doi = {10.1016/0022-2011(73)90164-X},
  url = {http://www.sciencedirect.com/science/article/pii/002220117390164X},
  urldate = {2020-02-19},
  file = {/home/aubrey/Zotero/storage/E89HS8RI/002220117390164X.html},
  langid = {english},
  number = {3}
}

@article{zelazny_studies_1973-1,
  title = {Studies on {{Rhabdionvirus}} Oryctes: {{II}}. {{Effect}} on Adults of {{Oryctes}} Rhinoceros},
  shorttitle = {Studies on {{Rhabdionvirus}} Oryctes},
  author = {Zelazny, B.},
  date = {1973-07-01},
  journaltitle = {Journal of Invertebrate Pathology},
  shortjournal = {Journal of Invertebrate Pathology},
  volume = {22},
  pages = {122--126},
  issn = {0022-2011},
  doi = {10.1016/0022-2011(73)90020-7},
  url = {http://www.sciencedirect.com/science/article/pii/0022201173900207},
  urldate = {2020-02-29},
  file = {/home/aubrey/Zotero/storage/8UTTNN5S/0022201173900207.html},
  langid = {english},
  number = {1}
}


